2700 4675
314 524 356 585 50
687 520 810 569 casuro

313 667 392 726 viros
411 668 560 743 impediat,
579 684 637 744 quo
648 668 743 728 miuus
757 687 809 743 pro
821 670 918 743 capite
932 673 964 727 et
976 669 1109 732 romanis
1123 678 1193 735 alte·

312 767 380 837 rius,
393 770 631 844 quemadmodum
643 774 828 837 consuerunt,
838 783 956 826 causam
968 769 1069 829 velint
1079 774 1189 833 dicere.

313 868 398 940 Quod
416 869 511 925 adlruo
534 885 588 924 vos
609 867 740 941 ignomre
761 885 821 926 non
837 866 940 924 mirum
954 871 1010 934 est,
1032 877 1188 945 propterea

311 966 386 1041 quod
396 967 529 1023 consulto
539 966 576 1021 ab
590 966 804 1023 accusatoribus
818 964 879 1037 ejus
891 963 943 1032 rei,
954 982 1031 1039 quae
1041 968 1186 1028 conllnvit

310 1064 366 1120 hoo
380 1062 534 1135 judicium,
556 1062 667 1120 mentio
689 1063 767 1121 lauta
789 1080 849 1121 non
870 1067 923 1120 est.
966 1063 1053 1134 Quae
1079 1084 1129 1123 res
1150 1084 1184 1125 ea

309 1158 374 1218 est?
392 1162 468 1218 bona
482 1160 569 1235 patris
580 1161 700 1235 hujusce
716 1162 786 1218 Sex.
802 1161 912 1229 Roscii,
925 1178 999 1235 quae
1014 1168 1087 1222 sunt
1101 1182 1182 1223 sexa-

308 1260 386 1335 gies:
408 1278 481 1335 quae
499 1261 536 1319 de
557 1259 622 1317 viro
633 1259 788 1318 fortissimo
801 1265 832 1317 et
847 1259 1018 1328 clarissimo,
1032 1262 1070 1319 L.
1090 1263 1180 1330 Sulla,

308 1377 393 1435 quem
416 1360 533 1419 honoris
556 1376 644 1418 causa
664 1359 792 1427 nomino,
815 1358 924 1415 duobus
946 1357 1077 1416 millibus
1101 1377 1181 1419 num·

307 1476 386 1517 mum
409 1477 441 1516 se
464 1460 537 1517 dicit
556 1459 661 1516 emisse
682 1458 861 1524 adolescens,
885 1459 934 1513 vel
959 1458 1181 1530 potentissimus

307 1556 364 1613 lroc
383 1562 512 1630 tempore
531 1561 646 1613 nostrae
666 1556 806 1624 civitatis,
827 1556 862 1612 L.
878 1554 1032 1612 Cornelius
1050 1556 1180 1632 Chryso·

306 1669 407 1727 gonus.
448 1655 477 1710 ls
492 1671 510 1710 a
523 1653 615 1721 vobis,
623 1653 749 1726 J’udices,
762 1655 819 1710 hoc
837 1656 970 1727 parurn,
984 1658 1025 1721 ut,
1039 1656 1179 1730 quonian

307 1750 338 1808 in
352 1752 478 1808 alienam
491 1751 654 1825 pecuniam,
675 1756 735 1809 tam
749 1752 866 1825 plenam
884 1757 970 1826 atque
986 1755 1180 1825 praeclaram,

306 1851 387 1908 nullo
407 1849 472 1922 jure
496 1850 646 1919 invaserit,
673 1850 864 1926 quoniamque
889 1851 918 1907 ei
939 1852 1088 1923 pecuniae
1117 1854 1180 1912 vita

308 1951 378 2009 Sex.
400 1949 501 2008 Roscii
521 1952 634 2009 obstare
648 1955 734 2026 atque
750 1950 865 2009 officere
886 1949 1029 2018 videatur,
1051 1952 1180 2012 deleatis

305 2067 346 2108 ox
359 2049 457 2106 animo
470 2066 523 2106 suo
533 2049 727 2123 suspicionem
740 2066 865 2117 omnem,
876 2052 1041 2122 metumque
1050 2051 1177 2110 tollatis:

305 2162 379 2211 sese,
401 2146 461 2202 hoc
485 2146 633 2211 ineolumi,
658 2164 718 2204 non
731 2147 885 2204 arbitratur
908 2146 992 2220 hujus
1006 2146 1178 2209 innocenti·

304 2240 508 2316 patrimonium
523 2245 581 2297 tum
595 2244 722 2315 amplum
733 2249 763 2300 et
777 2245 925 2318 copiosum
936 2262 1020 2319 posse
1031 2248 1178 2318 obtinere,

304 2343 441 2402 damnato
454 2346 484 2399 et
505 2341 608 2416 ejecto,
629 2349 725 2417 sperat
737 2352 775 2402 se
786 2362 879 2418 posse,
899 2346 975 2420 quod
993 2345 1121 2420 adeptus
1134 2353 1180 2409 est

304 2445 480 2519 persuetus,
503 2441 534 2501 id
556 2461 607 2518 per
628 2443 770 2503 luxuriam
795 2444 941 2503 effundere
964 2448 1050 2518 atque
1073 2464 1178 2507 oonsu-

303 2562 391 2602 mere.
429 2545 519 2602 vHunc
534 2543 590 2601 sibi
608 2562 648 2601 ex
668 2544 766 2603 animo
785 2547 958 2618 scrupulum,
977 2540 1047 2616 ‘'qui
1061 2563 1097 2603 se
1113 2546 1177 2605 dieo

303 2647 461 2715 noctesque
475 2642 604 2698 stimulet
616 2659 651 2697 ac
667 2649 785 2716 pungat,
793 2649 824 2699 ut
837 2642 982 2708 evellatis,
996 2645 1137 2715 postulat,
1145 2653 1177 2707 ut

303 2741 339 2796 ad
354 2741 430 2796 hanc
450 2755 531 2795 suam
545 2739 689 2811 praedam,
710 2745 770 2796 lam
789 2738 937 2803 nefariam,
959 2739 1109 2811 adjutores
1123 2760 1176 2803 vm

304 2836 505 2913 profiteamini.
547 2835 581 2894 Si
602 2836 685 2892 vobis
706 2850 798 2907 aequa
817 2837 848 2888 et
870 2833 991 2888 honesta
1016 2841 1176 2906 postulatio

305 2937 429 3004 videtur,
445 2935 561 3009 judices
572 2952 585 3002 ς,
603 2948 659 3003 ego
683 2936 783 2986 contra
806 2931 924 2985 brevem
948 2935 1175 3002 postulationem

303 3035 400 3101 affero,
417 3038 447 3089 et
461 3029 617 3108 (quomodo
630 3025 702 3082 mihi
716 3023 887 3103 persuadeo)
898 3029 1045 3103 aliquanto
1055 3039 1174 3114 aequio.

304 3148 373 3186 rem.
415 3129 543 3186 Primum
557 3143 575 3181 a
588 3125 780 3197 chrysogono
800 3131 877 3200 peto,
896 3134 930 3185 ut
945 3132 1070 3202 pecunia
1088 3137 1175 3196 sortu-

273 3193 405 3300 3nisque
419 3225 523 3283 nostris
542 3227 696 3284 contentus
716 3223 762 3290 sit,
782 3227 953 3298 sanguinem
972 3232 1003 3285 et
1023 3229 1121 3291 vitam
1134 3253 1173 3293 ne

304 3328 402 3400 petat:
427 3325 532 3382 deinde
547 3342 565 3381 a
578 3323 671 3392 vobin,
690 3322 815 3397 julliaco,
839 3329 870 3381 ut
890 3324 1042 3383 audacium
1065 3332 1173 3391 sceleri

303 3424 453 3492 resistatis,
479 3423 679 3482 innocentium
709 3422 905 3480 calamitatem
938 3424 1053 3492 levetis,
1075 3434 1107 3485 et
1139 3430 1173 3489 in

303 3543 392 3588 causa
407 3526 477 3583 Sex.
493 3522 602 3592 Roscii,
616 3514 783 3596 periculum,
798 3524 873 3598 quod
886 3522 917 3581 iu
931 3539 1030 3580 omnes
1044 3522 1173 3587 intendi·

410 3696 467 3728 rc·-
477 3679 585 3726 -ἱαείτηυῑ
587 3683 629 3726 tac
644 3679 744 3740 pungam
736 3678 916 3740 lillnaorntio
929 3678 1071 3740 obliquarent
1090 3679 1175 3728 cioem

303 3682 427 3853 :iptqffrplpio
442 3754 484 3789 scr
477 3738 529 3800 psit
537 3738 634 3786 stimulet
646 3753 671 3784 uc
685 3745 777 3796 pungat.
804 3741 933 3800 itaquel
897 3739 964 3786 cdiid.
990 3735 1050 3784 Mox
1058 3737 1108 3785 tls
1125 3739 1172 3789 Gn.
