2700 4675
550 589 778 653 ΜΔΝ.
1047 614 1100 661 u

226 756 334 833 adom,
359 756 418 842 qui
439 756 517 820 volit
537 754 807 839 Verbnrgiannm
827 758 861 814 et
876 749 1103 828 olivetorum,

225 842 363 927 nomque
403 862 558 927 nuperum
589 838 831 903 Lalnmantiia
853 837 895 900 ad
921 834 1102 901 Graeciam*

225 930 400 1004 veniemus,
421 927 475 1010 qui
500 925 649 990 universa
669 923 798 1010 quidem
823 943 922 1009 opera
934 921 1104 996 Ciceronis

225 1014 325 1078 odere·
337 1014 447 1089 voluit,
472 1012 534 1074 secl
554 1018 673 1075 tantum
695 1016 803 1096 partes
821 1008 982 1109 principes
998 1007 1099 1071 absol·

224 1099 291 1162 vit:
323 1097 354 1161 in
370 1098 419 1161 his
434 1098 608 1174 orationosf
625 1116 704 1181 quos
720 1116 779 1159 sex
793 1094 1004 1159 voluminibus
1021 1093 1098 1158 Am-

225 1184 393 1248 stelodami
404 1183 517 1261 edidit,
526 1204 623 1259 nova,
634 1204 695 1246 nec
711 1189 783 1246 ante
798 1182 902 1268 ipsum
922 1181 954 1246 in
969 1180 1099 1248 Cicero·

224 1267 272 1333 nis
287 1270 374 1334 libris
389 1278 540 1356 usurpata
554 1270 689 1333 ratione.-

267 1355 320 1420 Ac
337 1363 458 1419 textum
482 1355 612 1438 quidem
636 1356 705 1440 ipse
726 1375 784 1417 suo
808 1354 902 1418 modo
918 1373 955 1415 ac
972 1351 1104 1435 judicio

224 1442 386 1505 constituit
399 1466 408 1503 :-
430 1444 462 1506 in
474 1440 692 1527 quopluribns
707 1441 759 1502 ille
775 1440 908 1526 scriptis·
918 1438 1006 1502 libris
1021 1459 1097 1501 usus

222 1535 283 1604 est,
306 1526 485 1592 Erfurtensi
509 1526 643 1589 maxime
666 1534 701 1588 et
716 1526 892 1589 Dresdensi
919 1524 951 1587 in
977 1524 1015 1587 iis
1031 1524 1098 1607 qui·

226 1612 299 1676 dem
321 1613 478 1700 partibus,
497 1634 627 1698 quarum
653 1612 834 1697 exemplum
859 1611 903 1674 illi
928 1610 1099 1687 habebant,

189 1726 192 1731 ·
226 1699 388 1784 excerptis
404 1698 478 1763 inde
494 1699 637 1785 acceptis
659 1719 719 1785 per
735 1698 879 1761 amicost
897 1697 995 1760 libros
1011 1696 1101 1783 ipsos

224 1805 286 1849 non
315 1786 347 1849 in
376 1786 518 1849 manibus
544 1784 671 1849 habuit.
713 1784 800 1847 Tum
826 1783 987 1869 exemplis
1002 1782 1102 1845 editis

225 1890 301 1933 usus
316 1878 423 1935 estex
438 1871 566 1954 antiqno
582 1891 709 1951 genere,
734 1890 795 1933 nec
811 1870 916 1932 multis
931 1868 1022 1944 adeo,
1038 1888 1099 1931 neo

226 1956 363 2040 optimis,
390 1977 450 2019 neo
477 1963 624 2018 accurate
649 1963 682 2017 et
706 1962 905 2017 constanter:
939 1954 1104 2036 multaque·
1181 1998 1194 2009 .

224 2038 390 2121 ignoravit,
418 2060 500 2124 quae
514 2047 604 2104 erant
629 2040 660 2102 in
675 2039 735 2101 illis
750 2040 840 2124 nnsis,
864 2059 944 2121 quos
960 2038 991 2101 in
1005 2038 1100 2101 mani·

225 2123 287 2188 bns
302 2125 449 2202 habebat,
472 2124 580 2188 libris:
604 2125 637 2186 id
657 2123 745 2208 quod
759 2132 793 2187 et
813 2125 844 2187 in
859 2122 999 2188 Grutero
1013 2130 1099 2187 nota·

225 2210 340 2275 vimus.
387 2211 488 2277 Unde
498 2210 549 2287 nt,
564 2218 601 2276 nt
615 2210 773 2273 interdum
787 2210 818 2273 in
833 2210 918 2273 nullo
931 2208 1012 2272 libro
1027 2230 1105 2274 esse·

225 2295 323 2374 cient,
347 2297 433 2382 quod
448 2319 505 2362 nos
521 2296 631 2361 innon
651 2317 715 2362 uno
729 2296 920 2382 reperimus.
963 2295 1104 2361 Causam

225 2382 322 2468 liujus
337 2385 405 2446 vitii
427 2384 525 2447 luisse
541 2391 619 2469 puto
634 2404 696 2446 non
710 2383 742 2445 in
757 2384 838 2468 ipso,
861 2382 966 2445 sedin
980 2403 1032 2457 eo,
1048 2383 1104 2444 cui-

225 2468 423 2532 collationem
438 2470 587 2532 librorum
609 2488 682 2530 oum
696 2466 832 2547 vulgatis
846 2467 1001 2550 exemplis
1016 2487 1105 2529 manv

224 2552 350 2617 desset:
373 2574 443 2615 nam
459 2553 571 2614 libellis
587 2551 716 2634 quidem
739 2550 894 2614 variorum
918 2551 1099 2628 lectionum,

223 2639 342 2721 coique
356 2636 506 2700 volumini
536 2636 702 2721 subjectis,
732 2636 808 2699 nihil
823 2635 1037 2718 negligentius
1066 2637 1099 2700 in

225 2721 287 2785 hoc
304 2742 419 2804 genero
434 2721 553 2785 lactum
567 2721 645 2785 vidi.
692 2721 879 2805 Eademque
890 2728 924 2784 ot
938 2722 1005 2784 aliis
1021 2722 1099 2786 viris

224 2806 417 2872 doctissimis
443 2809 528 2872 frans
557 2809 642 2871 facta
670 2815 732 2884 est,
759 2809 813 2893 qui
838 2829 901 2872 non
924 2807 985 2894 ipsi
1000 2808 1097 2872 libros

221 2912 343 2978 eosque
358 2902 539 2958 constanter
554 2895 735 2959 conferrent
749 2894 883 2958 intentu
907 2893 1106 2958 constituen-n

223 2979 276 3057 elo,
303 3000 463 3067 saepeque
493 2981 631 3081 optimae
660 2980 815 3043 lectiones
843 2980 1002 3044 latnerunt
1030 3000 1097 3057 eos,

222 3084 296 3129 enm
311 3066 430 3143 alienis,
446 3067 605 3129 hommum
623 3065 896 3142 mercenariorum,
921 3074 1010 3129 certo
1025 3067 1099 3130 alie-

220 3171 292 3215 nam
322 3173 388 3216 rem
418 3158 598 3216 acturorum
628 3153 728 3217 oculis
758 3160 791 3215 et
820 3151 999 3234 diligentiae
1029 3173 1102 3216 rem

223 3238 463 3300 commisissent.
509 3236 622 3323 ltaque
648 3239 724 3301 mihi
750 3239 831 3302 hanc
855 3239 957 3320 legem
972 3259 1097 3323 semper

225 3323 375 3408 scriptam
390 3323 497 3400 habui,
518 3331 554 3387 ut
577 3325 693 3411 ipsein
716 3324 766 3387 his
792 3325 888 3388 rebus
904 3324 981 3387 meis
997 3325 1097 3388 oculis

223 3407 375 3485 viderem,
391 3430 454 3491 qua
465 3410 533 3492 lege
550 3411 706 3474 servanda
720 3410 817 3473 multa
831 3419 897 3476 tum
916 3411 983 3474 aliis
998 3411 1097 3485 libris,

226 3498 291 3554 tum
313 3494 344 3556 in
370 3495 419 3556 his
436 3495 652 3559 Ciceronianis
674 3497 753 3572 vidi,
777 3517 858 3579 quae
884 3518 943 3560 nec
960 3497 1011 3559 alii
1027 3503 1103 3558 ante·

224 3597 274 3640 me
300 3578 462 3655 viderunt,
481 3602 542 3643 nec
567 3583 645 3644 alius
682 3582 810 3659 viderit,
846 3583 901 3666 qui
932 3604 993 3646 non
1023 3581 1099 3644 satis

222 3671 359 3727 armatus
382 3665 533 3750 patientia
553 3675 586 3728 et
606 3669 782 3732 constantia
805 3669 944 3732 adhunc
961 3669 1099 3731 laborem

222 3753 407 3814 accesserit.
465 3751 615 3816 Ceterum
644 3757 755 3831 fateor,
786 3763 908 3819 textum
938 3751 1106 3817 Gruteria*

221 3855 317 3914 num„
329 3837 403 3901 sive
419 3837 590 3921 volgatum,
605 3860 624 3904 a
639 3838 778 3905 Graevio
803 3863 865 3906 non
885 3839 996 3927 paucis
1017 3838 1106 3904 locis
