2700 4675
428 573 493 631 PRO
507 579 575 640 SEX.
589 573 705 630 Roscio
719 573 882 628 munito.
1048 581 1090 644 49

223 719 292 790 silit
305 739 370 781 eam
382 732 564 801 praereptam
574 728 675 786 velim.
697 729 780 801 Quae
793 745 841 786 me
854 725 942 801 igitur
951 743 997 783 res
1011 742 1091 799 praes

224 828 270 881 ter
282 829 395 881 ceteros
405 824 528 899 impulit,
541 832 574 883 ut
584 842 703 883 causam
717 827 788 883 Sex.
800 824 902 883 Roscii
914 820 1091 898 reciperem?

225 922 302 997 quia,
315 922 341 979 si
355 923 418 996 quis
431 924 550 981 istorum
567 923 699 991 dixisset,
720 940 789 997 quos
803 922 910 981 vidctis
930 924 1042 989 adesse,
1059 923 1092 981 in

223 1021 328 1095 quibus
341 1037 453 1080 summa
465 1021 621 1080 auctoritas
634 1026 680 1080 est
691 1027 777 1098 atque
788 1022 966 1095 amplitud03
989 1022 1015 1078 si
1029 1039 1093 1080 ver·

225 1120 294 1176 bum
312 1120 349 1177 de
363 1122 511 1193 republica
528 1122 653 1189 iecisset,
673 1122 704 1179 id
716 1124 793 1198 quod
807 1122 838 1179 in
852 1122 908 1179 huc
928 1136 1017 1179 causa
1030 1121 1093 1179 fieri
1194 1136 1197 1142 ’

226 1233 347 1295 necesse
361 1225 423 1291 est3
436 1222 526 1279 multo
539 1223 620 1294 plura
630 1220 749 1288 dixisse,
763 1237 849 1295 quam
867 1219 999 1288 dixisset,
1012 1225 1093 1294 puta-
1182 1293 1185 1300 Ι

226 1322 319 1375 retur:
344 1336 400 1393 ego
419 1318 534 1377 etiamsi
546 1318 653 1387 omnia,
674 1336 748 1393 qnae
761 1319 887 1376 dicenda
906 1323 982 1387 sunt,
1001 1318 1092 1390 libere

225 1416 336 1485 dixero,
349 1435 530 1493 nequaquam
548 1423 648 1475 tamen
661 1417 796 1474 similiter
814 1416 907 1474 oratio
920 1433 986 1473 mea
996 1406 1093 1484 exim,

224 1520 310 1590 atque
323 1517 355 1574 in
369 1520 473 1592 vulgus
487 1533 622 1575 emanare
636 1516 750 1590 poterit.
765 1516 881 1583 deinde,
894 1516 971 1589 quod
984 1520 1094 1573 cetero-

224 1632 287 1690 rum
301 1634 395 1691 neque
408 1616 518 1675 dictum
528 1618 679 1673 obscurum
693 1620 871 1689 potestesse,
885 1619 1000 1687 propter
1013 1614 1094 1672 nobi·

224 1713 337 1772 litatem
350 1721 381 1772 et
393 1714 622 1789 amplitudinem,
637 1731 732 1789 neque
745 1720 854 1771 temera
865 1714 945 1770 dicto
958 1713 1093 1781 concedi,

225 1818 341 1887 propter
361 1820 486 1871 aetatem
504 1818 534 1872 ct
547 1814 746 1888 prudentiam:
772 1829 828 1887 ego
841 1813 867 1869 si
886 1812 955 1886 quid
974 1811 1093 1868 liberius

224 1911 337 1978 dixero,
351 1915 400 1969 vel
413 1915 560 1970 occultum
574 1929 637 1968 esse
651 1896 811 1984 propterea,
826 1912 903 1983 quod
915 1911 1043 1965 nondum
1056 1910 1093 1966 ed

226 2010 433 2082 rempublicam
447 2009 568 2089 accepi,
588 2011 638 2066 vel
651 2008 766 2082 ignosci
779 2008 994 2066 adolescentiae
1011 2024 1094 2065 meae

227 2106 352 2180 poterit:
376 2105 491 2163 temetsi
512 2117 570 2164 nott
593 2107 680 2164 modo
698 2106 870 2182 ignoscendi
888 2108 972 2175 ratio,
993 2123 1095 2165 verum

225 2206 315 2264 etiarn
328 2205 524 2280 cognoscendi
533 2207 784 2280 consuetudojem
794 2208 832 2263 de
847 2206 970 2265 civitate
980 2210 1093 2265 sublata

225 2311 279 2364 est.
321 2305 448 2365 Accedit
460 2305 514 2365 illa
531 2324 643 2382 quoque
655 2319 754 2375 causa,
770 2307 877 2382 quoda
894 2306 1000 2365 ceteris
1013 2307 1093 2364 torsi·

226 2410 278 2462 tan
298 2405 341 2462 ita
363 2406 487 2478 petitum
509 2406 556 2472 sit,
577 2411 609 2462 ut
631 2405 773 2472 dicerent,
797 2411 829 2460 nt
849 2405 990 2462 utrumvis
1009 2408 1094 2463 salvo

225 2502 323 2561 officio
334 2520 367 2559 se
385 2503 481 2559 lacere
494 2506 587 2576 'posse
612 2503 833 2558 arbitrarentur:
856 2518 874 2556 a
892 2519 939 2557 me
961 2501 1094 2558 autemii

154 2606 161 2621 ⁶
226 2602 448 2668 contenderunt,
469 2600 518 2674 qni
531 2596 606 2672 apid
627 2614 674 2656 me
688 2603 720 2654 et
732 2592 871 2666 amicitis,
891 2604 922 2656 et
935 2598 1094 2666 beneficiis,

227 2702 257 2755 et
279 2697 426 2772 dignitate,
442 2698 595 2771 plurimum
619 2702 749 2771 possunt,
776 2712 895 2773 quorum
918 2713 974 2771 ego
998 2714 1093 2772 neque

225 2796 454 2855 benivolentiam
480 2813 548 2870 erga
574 2812 621 2854 me
643 2796 785 2870 ignorare,
809 2810 864 2853 nec
891 2797 1092 2855 auctoritatem

226 2896 382 2971 aspernari,
396 2880 451 2954 nec
465 2897 646 2954 voluntatem
664 2893 678 2927 ²
685 2894 832 2969 negligere
845 2896 996 2953 debebam.
1037 2888 1123 2954 ΗΜ

223 2997 260 3055 de
273 2995 367 3054 causis
380 3012 436 3070 ego
456 2995 524 3052 huic
538 3011 643 3053 causae
657 2999 794 3068 patronus
815 2993 924 3063 exstiti,
945 3011 1004 3052 non
1017 2997 1093 3053 elec·

224 3101 269 3156 lus
289 3113 371 3162 unus,
389 3095 438 3170 qui
451 3092 580 3152 maximo
592 3093 723 3168 ingenio,
743 3093 794 3149 sed
808 3092 927 3150 relictus
948 3109 988 3150 ex
1001 3095 1092 3152 omni·

225 3198 287 3264 bus,
308 3195 357 3270 qui
375 3194 497 3251 minimo
517 3192 648 3266 periculo
670 3208 784 3265 possem
804 3191 919 3249 dicere:
942 3211 1035 3267 neque
1049 3193 1091 3252 uti

226 3294 297 3350 satis
309 3295 391 3350 rinno
404 3291 547 3366 praesidio
556 3292 691 3348 (teleneus
707 3293 778 3348 Sex.
790 3290 923 3360 Roscius,
932 3308 1033 3349 vemm
1048 3291 1090 3349 uti

226 3410 266 3450 ne
289 3390 407 3449 omnino
426 3392 554 3448 desertus
578 3395 664 3448 esset.
707 3388 842 3446 Forsitan
866 3389 1018 3463 quaeratis,
1040 3388 1090 3462 qui

226 3490 283 3548 iste
294 3494 383 3545 terror
395 3487 441 3556 sit,
454 3493 485 3545 et
497 3505 570 3563 quae
584 3492 666 3545 tanta
680 3487 811 3554 formido,
823 3504 896 3562 quae
910 3493 954 3547 tot
966 3504 1001 3544 ac
1016 3489 1089 3542 tales

254 3641 394 3700 militm
411 3641 515 3700 debeam]
547 3641 645 3687 Evidens
655 3643 696 3695 est,
716 3640 845 3687 Ciceronem
861 3638 970 3701 scripsisse
979 3637 1088 3708 debebam

212 3696 341 3811 &affl
350 3714 424 3748 “mm
438 3701 467 3747 ‘¹²
476 3700 604 3761 Pmoefitvs
622 3703 646 3745 θῐ
660 3713 707 3746 esse
716 3700 808 3748 deberet
821 3701 893 3757 debeo,
908 3698 1043 3758 sipraesantr
1056 3702 1088 3740 no

263 3862 334 3903 voh·
350 3860 391 3900 Νι
643 3843 665 3894 ’7
