2700 4675
269 511 331 572 100
643 503 769 554 ouante

266 653 351 727 Quae
364 653 404 711 ad
415 652 503 729 hujus
518 652 599 711 vitae
611 668 712 710 easum
725 667 902 728 oausamque
923 654 1102 728 pertineant,
1113 661 1137 714 et

266 753 334 828 quid
349 753 397 811 bio
410 771 463 827 pro
473 771 504 809 se
517 752 578 810 diei
592 750 673 818 velit,
687 755 785 825 etqua
798 749 978 810 oonditione
992 759 1136 814 contentus

265 851 313 920 sit,
321 853 385 925 jam
398 851 430 908 in
443 857 575 908 extrema
586 849 718 907 orations
738 853 845 918 nostra,
858 849 996 924 judiees,
1015 853 1135 911 audietis

265 950 331 1023 Ego
351 950 425 1006 haee
449 965 468 1004 a
490 949 691 1021 Chrysogono,
716 963 781 1004 mea
800 952 917 1021 sponte,
938 956 1057 1010 mmoto
1078 954 1136 1010 Seu

213 1044 254 1101 ⁴5
266 1046 385 1113 Roscio,
406 1063 520 1120 quaero.
561 1046 700 1112 Primum,
721 1062 808 1119 quare
832 1044 913 1104 civis
937 1049 1049 1122 optimi
1071 1052 1135 1107 bom

265 1145 428 1203 venierint:
450 1143 566 1212 deinde,
589 1161 676 1219 quare
700 1142 829 1200 hominis
845 1144 922 1216 ejus,
946 1145 969 1178 ⁸⁵
981 1148 1036 1222 qui
1054 1163 1138 1224 nequo

263 1244 447 1319 proscriptus,
460 1261 556 1317 neque
573 1243 649 1315 apud
663 1241 843 1300 adversarios
857 1243 981 1302 occisus
997 1252 1054 1316 est,
1072 1249 1134 1305 bont

264 1344 421 1413 venierint,
443 1360 510 1401 oum
523 1343 555 1400 in
575 1360 630 1398 eos·
639 1342 716 1398 solos
738 1342 788 1398 lex
807 1340 922 1414 scripta
946 1344 1008 1402 sit:
1031 1346 1133 1412 deinde

266 1461 356 1519 quare
369 1444 517 1517 aliquanto
527 1447 592 1515 post
606 1457 670 1498 enm
684 1439 763 1498 diem
775 1438 939 1510 venierint,
952 1460 1033 1519 quae
1046 1444 1134 1503 diesin

263 1543 329 1613 lege
355 1540 507 1613 praefinita
530 1545 593 1596 est:
619 1537 742 1606 deinde,
763 1555 815 1596 our
838 1541 959 1598 tantulo
986 1544 1133 1602 venierint

265 1638 347 1709 Quae
367 1637 465 1694 omnia
478 1637 512 1704 si,
526 1637 766 1710 quemadmodum
778 1637 873 1695 solent
891 1637 999 1698 liberti
1020 1651 1131 1718 usqum

263 1740 294 1794 et
312 1735 435 1809 improbi
456 1735 561 1803 lacere,
584 1735 615 1792 in
638 1741 790 1809 patronum
810 1752 896 1794 suum
920 1740 1055 1801 voluerit
1077 1757 1132 1800 osu

262 1837 351 1907 terre3
366 1834 439 1893 nihil
454 1833 554 1909 egerit.
587 1835 682 1892 Nemo
696 1839 741 1891 est
753 1833 842 1902 enim,
855 1835 908 1909 qui
919 1839 1051 1909 neseiat,
1063 1856 1133 1914 prop·

262 1940 307 1993 ter
319 1934 548 2009 magnitudinem
562 1951 655 1991 rerum
669 1935 760 1991 multa
772 1935 887 2002 multos,
909 1931 945 2012 [⁸⁶
952 1938 1065 2010 partim
1075 1953 1132 1997 wo

262 2030 398 2109 uiuente]
423 2033 527 2107 purtim
553 2033 735 2107 imprudente
757 2033 792 2090 L.
826 2032 922 2102 Sulla,
949 2038 1132 2096 commisisse.

263 2131 368 2186 Placet
379 2131 465 2202 igitur
478 2130 510 2186 in
529 2129 574 2185 his
588 2129 796 2204 rebus-aliquid
813 2129 1020 2203 imprudentia
1034 2140 1131 2211 praeis·

261 2223 335 2283 riri?
348 2243 407 2282 non
421 2227 527 2297 placet,
535 2225 669 2298 judices:
683 2229 735 2284 sed
746 2245 867 2286 neeesse
885 2236 943 2289 est.
981 2229 1132 2294 Etonimsi

261 2323 377 2400 Jupiter
388 2323 513 2399 optimus
529 2324 682 2393 maximus,
702 2327 784 2402 cujus
798 2331 870 2384 nutu
883 2333 917 2387 et
937 2332 1065 2392 arbitrio
1077 2349 1132 2392 eos·

260 2426 329 2495 lum,
343 2432 427 2496 terra,
442 2425 586 2501 mariaque
600 2430 746 2499 reguntur,
758 2443 846 2499 saepe
860 2429 964 2487 ventis
980 2435 1130 2491 vehemen-

261 2524 388 2592 tioribus,
415 2529 467 2582 aut.
487 2523 682 2582 immoderatis
711 2524 942 2597 tempestatibus,
972 2535 1029 2588 aut
1050 2528 1132 2589 nimio

261 2624 368 2687 calore,
401 2625 451 2676 aut
483 2621 660 2678 intolerabili
686 2620 806 2694 liigore,¹
827 2623 1002 2685 bominibus
1031 2626 1131 2695 nostrii,

260 2720 345 2777 urbes
355 2717 477 2786 delevit,
491 2719 585 2792 fruges
596 2717 732 2792 perdidit:
744 2736 863 2794 quorum
873 2721 964 2792 nibil,
978 2724 1130 2801 8⁷pomini·

289 2875 311 2909 ⁸⁵
354 2875 604 2936 impueprosars'ptoa]
631 2874 695 2921 Haeo
707 2872 841 2920 nonsuutin
852 2874 905 2922 odd.
922 2891 959 2947 pr.
979 2881 1130 2939 aedem}

260 2938 311 2983 tum
320 2892 411 2983 ffotom.
421 2951 435 2981 a
445 2935 471 2982 P.
482 2934 589 2981 Manutio
602 2935 693 2990 inserta,
704 2947 769 2995 quem
778 2932 850 3002 etalii
859 2940 936 2981 soetrt»
941 2944 1006 2987 stunt,
1033 2941 1130 2989 celan

260 3003 295 3037 res
302 2997 325 3037 et
333 2993 442 3038 sententia
451 3007 479 3036 ea
487 3006 498 3035 r
526 2991 586 3047 uirit,
595 2997 619 3036 et
627 3006 796 3061 sequanamque
805 2991 896 3060 inducat,
904 2994 1009 3046 alterum
1017 2998 1129 3047 mlum

261 3048 372 3096 excidisse.
405 3051 432 3096 lu
441 3049 489 3095 Ms.
523 3062 544 3093 u.
555 3049 624 3095 verba
633 3050 712 3097 dando
719 3073 731 3089 -
739 3076 748 3085 -
756 3050 866 3097 saniem
874 3051 993 3104 excidere,

289 3125 311 3156 ⁸⁶
323 3127 406 3181 partim
414 3124 560 3186 mainerum]
591 3126 642 3173 Hos
651 3142 695 3175 nou
708 3132 742 3175 aot
753 3128 776 3174 in
785 3128 843 3175 Mn.
859 3132 900 3175 aut
910 3132 965 3180 add.
983 3150 1021 3198 pr.
1033 3140 1072 3187 nd
1080 3141 1129 3185 αι

259 3182 363 3230 Victorio
377 3189 400 3229 et
410 3184 436 3230 P.
451 3183 565 3229 Manutio.
596 3183 686 3231 Partim
702 3187 821 3242 indioabat,
836 3187 936 3236 altanum
952 3197 1082 3244 membrum
1097 3196 1128 3243 ds

260 3255 321 3288 esse:
336 3242 471 3302 supplevere·
482 3255 509 3287 ex
518 3240 552 3298 iis,
564 3256 622 3303 quae
631 3258 697 3304 supra
705 3245 728 3291 iu
737 3244 865 3292 umbone
873 3247 904 3292 de
914 3250 984 3299 Sulla
993 3255 1088 3304 ἅχω,
1101 3256 1129 3303 At

260 3299 297 3348 hio
306 3299 328 3346 iu
338 3300 478 3360 sequentibus
492 3300 522 3346 de
530 3301 578 3347 sola
590 3301 738 3362 imprudentia
752 3308 798 3350 est:
815 3306 933 3360 etparts'm
947 3324 997 3359 non
1011 3312 1127 3363 amrin

260 3358 321 3406 aliud
328 3359 411 3414 partim
420 3363 473 3404 ante
482 3363 521 3404 aut
536 3365 586 3418 post
595 3375 619 3407 se
629 3361 704 3408 habet
736 3362 806 3408 Forte
822 3362 890 3410 etiam
905 3365 1010 3419 alterum
1023 3374 1053 3420 de
1062 3370 1126 3421 ιω·-

260 3423 326 3465 rente
336 3417 398 3465 Sulla
407 3416 479 3464 uoluit
488 3418 570 3465 diserte
579 3418 653 3466 dicere
658 3437 665 3480 3
676 3420 746 3467 verbo
755 3425 829 3468 tamen
834 3422 922 3477 parlim
930 3426 1059 3481 adunam
1067 3428 1128 3480 1η·

258 3493 304 3526 nes.

287 3558 310 3592 ⁸⁷
322 3555 437 3617 pumicis]
468 3554 533 3602 ilaec
546 3561 580 3602 est
594 3556 663 3603 leutio
671 3558 723 3605 edd.
740 3573 773 3620 pr.
784 3558 890 3615 omnium,
905 3559 963 3608 item
974 3566 1034 3618 ΑΜ,
1045 3568 1072 3616 Ρ,
1081 3566 1127 3616 ffi-

258 3621 305 3664 nut.
317 3621 359 3664 etc.
371 3629 442 3676 eaque
453 3629 515 3670 vera,
526 3630 591 3676 quam
600 3615 741 3664 restituimus.
772 3617 867 3664 Vetera
876 3617 908 3665 sie
935 3626 1128 3675 ronimdgma

258 3676 387 3732 scribebant,
400 3673 526 3731 utsroctu,
541 3674 689 3734 uousructui,
700 3691 765 3739 super
781 3691 828 3738 quo
834 3634 950 3726 adeuntis
959 3680 1048 3733 Ciam

258 3736 322 3781 Orat,
353 3731 496 3783 Grammatici
507 3737 592 3779 veteres
599 3733 693 3781 variant.
704 3750 757 3783 uam
768 3750 796 3782 ex
804 3735 828 3781 h.
839 3734 855 3780 l.
865 3738 986 3795 proterunt
993 3700 1101 3801 ΜΕ
1107 3698 1129 3790 =

133 3748 178 3893 Ὗ
255 3791 577 3912 ἓξΙὲὸΙΧΛᾼεὶρενπίιίω.
609 3791 659 3851 Epo
670 3793 741 3842 libros
750 3794 842 3855 scriptos
855 3793 879 3841 at
891 3796 945 3844 edd.
962 3804 989 3848 et
1006 3802 1128 3867 analogian

324 3866 335 3896 l'

133 3923 168 4059 l
214 4044 217 4049 ,
