2700 4675
354 561 421 616 sno
436 563 505 616 sex.
520 562 635 616 noscro
649 564 813 615 suneruo.
974 570 1019 630 ῃ

204 713 457 773 rciusomniocum
467 714 660 787 Chrysogono
667 710 860 771 eonnnunitsr
868 708 1019 785 possidet?

204 830 260 870 uns
280 812 465 884 perspicuum
483 817 537 879 est,
545 811 671 883 judices,
688 808 770 866 ”hes
784 809 934 866 manubias
948 811 1019 866 Ros·

204 910 453 983 rtlhrysogouum,
467 928 497 966 re
508 909 635 983 cognito,
648 904 849 965 concessisse?
879 907 974 966 Venit
986 908 1019 966 in
1029 894 1069 955 33

204 1008 367 1082 sem-primis
388 1010 498 1081 legatus
519 1008 550 1065 iu
568 1012 662 1064 cestre
684 1007 799 1081 Capito.
813 1011 905 1065 totum
918 1007 1020 1076 vitem,

204 1123 294 1175 utem,
308 1123 456 1181 moresque
470 1106 593 1166 hominis
607 1124 645 1163 ex
667 1106 731 1180 ipss
753 1106 899 1181 legatione
912 1124 1020 1182 cogno·

204 1209 237 1263 to.
276 1206 345 1263 Nisi
365 1205 576 1274 intellexeritis,
587 1206 715 1279 judices,
728 1209 839 1264 nullum
851 1222 915 1264 esse
928 1203 1019 1263 offici-

204 1344 209 1372 ,
233 1306 341 1363 nullum
355 1306 405 1378 jus
424 1315 483 1364 tom
504 1311 639 1364 sanctum
659 1310 746 1380 etque
767 1306 921 1379 integrum,
942 1304 1019 1379 quod

204 1404 281 1478 rejus
294 1408 391 1463 scelus
409 1411 495 1480 atque
509 1405 630 1478 perfidia
649 1404 768 1460 violarit
785 1408 815 1460 et
828 1402 1019 1472 imminuerit3

204 1520 242 1560 rm
266 1503 407 1577 optimum
421 1522 485 1561 esse
509 1520 577 1570 eum
589 1502 764 1575 judicatote.
805 1501 1020 1574 Impedimento

210 1620 268 1677 quo
281 1603 376 1660 minus
387 1604 423 1659 de
438 1602 483 1660 his
497 1604 581 1659 rebus
593 1603 675 1659 Sulla
689 1602 842 1658 doceatur:
857 1604 1019 1658 ceterorum

204 1705 306 1759 storum
318 1701 450 1762 consilis
463 1706 494 1759 et
512 1704 694 1759 voluntatem
716 1700 908 1773 Chrysogono
928 1716 1019 1757 ennu-

209 1819 217 1856 ε
232 1806 340 1868 mouet,
350 1806 383 1858 ul
392 1802 554 1874 provideat,
568 1819 605 1857 ne
616 1802 712 1873 pulum
730 1812 776 1856 res
788 1804 908 1872 egetur:
922 1804 1018 1856 osten·

213 1897 240 1953 si
252 1900 365 1955 sublato
388 1899 427 1955 sit
442 1898 574 1954 venditio
596 1900 744 1963 bonorum,
757 1896 840 1953 illum
865 1896 1021 1968 pecuniam

204 1996 290 2050 udem
302 1995 481 2059 omissurum,
493 2012 558 2052 sese
568 1994 673 2067 cepitis
688 1993 848 2066 periculum
860 1994 1019 2054 editurum:

204 2109 234 2150 m
244 2109 357 2160 uouere,
371 2093 433 2159 hos,
444 2092 493 2167 qui
506 2092 590 2150 sinrul
599 2099 682 2150 erant
696 2091 785 2159 missi,
795 2092 915 2149 lallere:
937 2091 1021 2149 illurn

204 2190 310 2249 ntidenr
332 2209 459 2259 monere,
480 2196 511 2249 ut
530 2177 657 2257 ceveret,
680 2191 762 2249 hisce
782 2190 922 2248 insidiose
937 2207 1020 2263 spem

204 2307 253 2349 unr-
262 2293 432 2351 ostendere:
446 2307 512 2349 curn
535 2291 585 2350 illo
603 2296 706 2351 contro
725 2292 777 2349 lrcs
791 2290 865 2348 inire
885 2289 1020 2361 consiliu,

204 2393 387 2449 urnconsilie
400 2392 445 2449 illi
469 2391 636 2449 enuntiare:
661 2409 730 2448 cum
750 2392 803 2447 illo
813 2395 925 2462 purtem
937 2406 1021 2447 suom

204 2489 307 2556 scisci,
321 2489 413 2555 hisce,
425 2487 446 2521 ⁷⁰
459 2489 556 2562 ulique
575 2488 665 2545 lretus
687 2490 767 2553 lroru,
788 2503 903 2558 semper
919 2503 1022 2545 omnes

204 2592 247 2643 tus
260 2588 297 2642 sd
319 2588 435 2648 Sullam
444 2585 649 2643 intercludere.
691 2586 841 2642 Postremo
853 2583 911 2641 isto
928 2584 1022 2641 hortu·

204 2701 226 2750 e,
240 2688 365 2749 auctore,
379 2683 579 2751 intercessore,
593 2685 630 2741 ud
645 2662 860 2757 Sullum'legati
873 2701 932 2740 non
942 2683 1021 2741 odis·

204 2786 236 2838 t:
256 2780 339 2838 istius
360 2782 426 2850 lide,
447 2799 482 2839 uc
497 2782 591 2856 potius
605 2783 733 2856 perfidio,
753 2783 881 2855 decepti,
900 2783 930 2840 id
944 2784 1021 2857 quod

211 2880 281 2954 ipsis
302 2898 479 2955 cognoscere
505 2881 643 2955 poteritis,
670 2881 695 2939 si
721 2887 873 2939 accusator
896 2882 1021 2940 voluerit

204 2976 346 3039 imoniurn
366 2982 409 3039 eis
424 2980 604 3051 denuntiare,
619 2999 670 3054 pro
683 2999 715 3039 re
729 2987 809 3039 certe
823 2998 904 3054 spem
918 2981 1020 3040 salsam

204 3098 272 3139 num.
280 3084 448 3139 retulerunt.
482 3082 519 3138 lu
533 3080 654 3154 privetis
668 3083 752 3138 rebus
768 3079 854 3154 siqui
867 3097 927 3137 rem
940 3099 1020 3138 mon·

204 3196 250 3237 nur
275 3198 334 3237 uon
355 3182 444 3238 modo
462 3180 633 3238 malitiosius
651 3181 800 3255 gessisse*
817 3180 861 3236 sui
885 3187 1019 3256 quaestus

211 3329 250 3377 su
263 3333 378 3379 muudus
393 3333 434 3394 re]
451 3300 623 3380 effluerem:
637 3333 688 3394 qua·
697 3334 763 3380 duces
780 3332 814 3380 ur
827 3333 850 3380 rn
862 3334 905 3381 soe
920 3336 1020 3382 faenore

204 3403 224 3445 e,
233 3389 284 3435 ideo
293 3393 415 3451 praemium
423 3391 536 3438 uranubias
545 3393 651 3455 appellat,
660 3393 774 3453 dequibus
787 3408 808 3438 v.
818 3393 882 3441 Clav.

204 3467 374 3527 'oliqrwsretus
389 3471 451 3516 leurs.
479 3471 575 3516 Sieedd.
586 3485 619 3531 pr.
631 3471 679 3517 Ms.
690 3471 733 3518 Gu.
764 3470 827 3518 Peul.
844 3472 963 3519 Manutius
973 3468 1020 3515 edi-

204 3526 290 3572 lrslum.
301 3528 339 3573 sed
351 3542 392 3574 uec
404 3529 444 3574 illu
463 3529 522 3574 ectio
531 3529 601 3587 bona3
616 3543 672 3589 ques
687 3530 771 3576 nullum
780 3545 866 3576 sensum
880 3530 1019 3576 commodum

243 3585 275 3631 nt
291 3585 380 3633 surim
396 3587 447 3633 libri
465 3587 535 3633 etism
553 3587 577 3633 in
593 3587 659 3633 brus
677 3589 753 3635 verbo.
784 3589 892 3635 Graevius
910 3602 937 3632 co
953 3586 1018 3630 'scih

204 3642 291 3700 uuficto
301 3659 362 3690 unsa
369 3661 379 3702 ‚¹
396 3645 516 3703 eleganter.
528 3649 589 3691 certe
597 3660 684 3693 sensum
692 3649 830 3694 commodum
844 3648 918 3693 habet.
938 3602 1020 3689 ui’orts

204 3718 257 3752 ress
275 3717 352 3750 uerum
371 3705 408 3758 sit,
425 3704 477 3773 quia
495 3703 546 3750 libri
561 3705 649 3764 quidam
667 3710 693 3753 ut
711 3707 773 3753 Jnnt.
792 3707 948 3752 hubertum.
960 3702 1020 3758 ficte

204 3777 219 3807 u
229 3767 271 3820 est,
282 3777 339 3823 quae
356 3762 463 3823 impedire
479 3763 563 3811 Sullam
577 3763 695 3821 diceretur,
729 3780 782 3812 urus
800 3765 886 3822 legatos
901 3760 1020 3807 admittere

204 3821 407 3882 udusnonposser„
437 3821 503 3869 Horu
521 3780 780 3882 deluditl'sorloistss,
797 3826 824 3871 ut
838 3821 920 3869 dictum
937 3832 1019 3879 prore,

204 3880 413 3942 slroraquaqusfit.
444 3880 510 3932 Quod
520 3884 711 3930 ertssnoduunn.
807 3916 810 3931 ,
