2700 4675
424 605 488 657 reo
503 608 572 657 sex.
588 606 704 657 cosmo
719 605 882 655 suumne.
1048 602 1087 670 η

220 752 366 820 idoneum,
379 756 461 813 locus
475 760 634 829 opportune
648 758 751 827 captus
765 753 802 809 ad
821 736 886 809 eam
900 765 975 809 rem:
996 764 1090 825 paene

221 849 327 917 dicam,
348 867 490 925 respersas
511 866 612 909 manus
629 848 771 924 sanguine
785 856 906 924 paterno
919 850 1034 925 judices
1048 849 1092 907 vi·

224 949 314 1005 deant
330 953 457 1020 oportet,
477 948 502 1005 si
522 953 634 1005 tantum
650 949 772 1017 lacinus,
796 953 856 1006 tum
877 948 1013 1017 immane,
1032 952 1093 1006 tam

227 1048 363 1103 acerbum
379 1045 515 1108 credituri
535 1046 603 1104 sint.
645 1048 741 1120 Quure
765 1031 831 1115 hoc,
855 1065 911 1121 quo
932 1046 1026 1105 minus
1048 1051 1094 1105 est

226 1143 375 1211 credibile,
396 1144 452 1201 nisi
464 1145 639 1203 ostenditur:
666 1164 703 1202 eo
716 1146 807 1221 magis
821 1152 874 1213 est,
894 1146 920 1202 si
941 1144 1095 1205 convinci·

228 1246 281 1309 tur,
296 1242 510 1301 vindicandum.
552 1244 653 1319 Itaque
668 1261 735 1302 cum
749 1244 846 1301 multis
861 1262 899 1301 ex
912 1246 996 1302 rebus
1009 1245 1094 1302 intel·
1103 1249 1145 1309 25

224 1339 276 1415 ligi
287 1344 390 1413 potest,
401 1341 523 1417 majores
534 1348 648 1400 nostros
660 1360 719 1399 non
731 1342 817 1399 modo
825 1340 911 1399 armis
922 1343 994 1415 plus,
1008 1360 1096 1417 quam

223 1442 336 1497 ceteras
357 1439 500 1508 nationes,
523 1456 625 1497 verum
646 1440 736 1496 etiam
752 1439 877 1497 consilio
896 1439 1095 1515 sapientiaque

224 1538 369 1611 potuisse:
389 1544 450 1596 tum
463 1557 501 1595 ex
516 1539 571 1596 hac
591 1555 621 1595 re
636 1540 685 1595 vel
699 1537 836 1605 maxime,
856 1539 930 1613 quod
945 1537 977 1595 in
991 1538 1095 1613 impios

225 1636 370 1711 singulare
391 1636 563 1710 supplicium
578 1636 762 1694 invenerunt.
779 1654 836 1712 qua
858 1635 890 1694 in
904 1655 935 1695 re
956 1643 1096 1713 quantum

227 1735 379 1808 prudentia
392 1735 587 1809 praestiterint
600 1736 646 1805 iis,
665 1736 715 1810 qui
728 1737 804 1810 apud
817 1742 930 1793 ceteros
944 1736 1095 1810 sapientis·

227 1832 293 1889 simi
306 1832 394 1889 luisse
407 1833 549 1902 dicuntur,
563 1834 756 1891 considerate.
782 1834 1010 1892 Prudentissima
1023 1834 1096 1892 civi·

227 1935 273 1987 tos
298 1929 533 1997 Atheniensium,
554 1932 624 1988 dnrn
643 1948 679 1987 ea
702 1947 797 1988 rerum
817 1933 910 2003 piutita
934 1936 987 1998 est,
1007 1931 1097 1989 luisse

230 2026 359 2083 traditur.
378 2026 439 2099 ejus
454 2043 537 2099 porro
550 2026 681 2085 civitatis
701 2026 945 2101 sapientissimum
959 2029 1098 2086 Solonem

209 2106 329 2181 ¹dicunt
353 2124 451 2193 fuisse,
473 2142 548 2193 eum,
568 2124 617 2199 qui
641 2126 729 2199 leges,
749 2125 850 2200 quibus
874 2126 961 2185 hodie
985 2144 1096 2203 quoque

227 2227 353 2291 utuntur,
367 2222 521 2297 scripserit.
556 2223 585 2281 ls
600 2240 666 2281 curn
680 2223 910 2299 interrogaretur,
923 2243 975 2284 cur
985 2227 1096 2284 nullum

228 2322 401 2397 supplicium
419 2322 616 2382 constituisset
629 2323 660 2382 in
675 2342 750 2393 eum,
764 2323 814 2400 qui
827 2330 977 2399 parentem
996 2343 1095 2402 necas·

228 2426 282 2489 set,
295 2422 452 2494 respondit,
465 2440 497 2478 se
511 2423 542 2479 id
555 2422 704 2480 neminem
717 2424 859 2481 iacturum
878 2427 1003 2495 putasse.
1045 2424 1096 2480 Sa·

178 2589 183 2596 .
226 2518 342 2594 pienter
354 2518 459 2575 iecisse
473 2519 589 2587 dicitur,
602 2536 669 2576 cum
685 2520 722 2576 de
733 2537 770 2576 eo
783 2520 857 2576 nihil
872 2519 1098 2595 senseritque

231 2619 318 2672 antea
336 2615 520 2673 commissum
540 2633 600 2673 non
620 2621 692 2685 erat,
713 2635 751 2675 ne
773 2634 833 2674 uon
855 2622 914 2674 tarn
937 2618 1097 2692 prohibere,

230 2729 316 2788 quarn
336 2714 493 2771 admonere
523 2714 679 2772 videretur.
721 2716 838 2788 Quanto
859 2716 982 2791 majores
1006 2719 1097 2777 nostri

230 2811 389 2886 sapientius
400 2809 414 2870 ‘l
425 2812 473 2887 qui
487 2830 555 2870 curn
567 2802 773 2888 intelligerent,
784 2814 857 2872 nihil
868 2834 931 2876 esse
945 2820 1006 2876 tam
1015 2836 1097 2878 sanc·

230 2917 300 2977 tum,
311 2912 386 2987 quod
400 2927 459 2969 non
473 2911 629 2987 aliquando
647 2913 772 2970 violaret
781 2914 912 2982 audacia,
926 2916 1096 2990 supplicium

228 3011 260 3068 in
280 3010 438 3084 parricidas
458 3010 603 3086 singulare
623 3012 883 3086 excogitaverunt:
904 3018 944 3083 ut,
964 3032 1033 3090 quos
1046 3034 1096 3074 na·

229 3114 292 3166 tura
305 3107 368 3182 ipsa
386 3107 539 3167 ⁴⁵retinere
553 3108 585 3167 in
598 3110 695 3168 officio
708 3128 767 3169 non
782 3112 930 3185 potuisset,
946 3112 969 3170 ii
986 3115 1095 3190 magni·

229 3206 330 3263 tudine
350 3224 461 3280 poenae
474 3207 620 3265 maleficio
639 3215 895 3269 summoverentur.
906 3212 983 3270 insui
997 3216 1094 3273 volue-

230 3310 297 3361 runt
309 3305 340 3362 iu
360 3308 474 3364 culeum
488 3307 584 3375 vivos,
603 3313 688 3382 atque
702 3309 744 3366 ita
756 3309 788 3366 in
808 3311 915 3370 flumen
928 3314 1025 3388 dejici.
1067 3317 1145 3375 026

228 3401 402 3474 singularem
415 3404 733 3479 sapientium,judicest
751 3409 858 3467 Nonne
871 3411 1005 3472 videntur
1015 3416 1093 3472 hunc

228 3499 376 3557 honinem
405 3520 443 3560 ex
472 3521 566 3560 rerum
594 3509 697 3561 natura
717 3507 863 3566 sustulisse
891 3514 920 3567 et
944 3511 1092 3584 eripuisse,

257 3652 279 3685 4⁵
292 3653 388 3700 rotinere
401 3653 428 3700 irs
436 3654 506 3714 officio
518 3670 565 3703 rurs
575 3655 696 3713 missad-
705 3685 715 3695 -
723 3664 930 3723 memorentur]
962 3661 1005 3708 llic
1020 3676 1093 3710 narsis

226 3711 345 3771 legendum
360 3717 416 3773 puto
426 3716 502 3769 pone.
513 3728 564 3760 nam
573 3729 623 3760 curm
634 3715 682 3773 jam
691 3731 820 3779 peccavere,
837 3736 880 3791 uon
891 3724 981 3781 possunt
996 3734 1068 3780 poena
1076 3735 1092 3766 a

224 3770 482 3818 maleficiorummoveri.
513 3770 994 3838 vtrtdoettnaesueinrmzotrumnumr.
1025 3777 1091 3830 ffl-

177 3874 181 3878 Α
224 3832 270 3878 tra.
302 3830 615 3890 tutunuuddesinavis
