2700 4675
263 527 327 588 320
601 522 636 572 ΙΝ
649 522 794 573 vultuum

209 644 252 705 43
264 669 381 729 Sthenii
395 668 514 728 nomine
527 669 639 729 litteras
653 671 784 745 puhliaaa
807 663 995 741 corrupisse?
1024 664 1134 722 Videte

261 786 348 843 porro
373 768 461 827 aliam
485 770 678 828 dementiam:
702 769 811 834 videte,
833 772 874 835 ut,
897 768 968 824 dum
993 763 1132 838 expedire

263 885 326 926 aeae
348 870 421 935 vult,
453 867 564 950 influat.
615 868 803 943 Cognitorem
830 865 970 924 adscribit
1000 862 1132 921 Sthenio.

263 963 382 1037 Quem?
411 971 568 1039 cognatum
589 967 724 1041 aliquem,
749 971 799 1023 aut
820 959 1034 1039 propinquum?
1063 976 1131 1017 non.

263 1063 486 1123 Thermitanum
500 1065 635 1139 aliquem,
650 1065 804 1122 honeatum
825 1062 974 1121 hominem
997 1078 1033 1118 aa
1053 1054 1131 1115 nohi-

261 1157 342 1219 lem?
370 1180 407 1219 ne
434 1161 466 1219 id
488 1161 613 1237 quidem.
668 1164 712 1221 At
735 1162 878 1229 Siculum,
891 1162 923 1218 in
943 1178 1000 1233 quo
1027 1154 1131 1230 aliquia

261 1260 397 1333 nolendor
409 1259 591 1336 dignitasque
610 1259 710 1319 emet?
729 1260 860 1319 minime.
899 1258 1006 1331 ²²Quid
1019 1247 1130 1330 igitur?

260 1356 360 1416 civem
373 1359 545 1420 Romanum.
586 1359 642 1420 (lui
656 1361 712 1418 hoa
726 1359 840 1433 probari
860 1353 974 1432 potenti
995 1354 1070 1412 Cum
1083 1372 1129 1412 aa·

261 1460 306 1514 ret
320 1457 459 1516 Sthenius
472 1458 603 1518 civitati·
629 1476 698 1517 auae
723 1456 927 1523 nobilissimus,
950 1453 1129 1526 amplissima

247 1555 445 1642 ,cognatione
454 1557 584 1630 plurimis
594 1557 748 1627 amicitiia3
762 1573 829 1615 anm
844 1559 993 1630 praeterea
1006 1558 1067 1609 tota
1082 1552 1127 1609 Si·

261 1650 331 1711 cilia
345 1657 465 1712 multum
492 1656 672 1723 auctoritate,
687 1660 717 1713 et
743 1655 837 1729 gratia
860 1636 973 1729 posset:
994 1650 1129 1709 invenire

261 1752 408 1811 neminem
436 1753 567 1812 Siculum
581 1753 682 1828 potuit,
695 1753 745 1828 qui
766 1772 818 1827 pro
831 1772 862 1811 ae
876 1752 1012 1827 cognitor
1024 1746 1128 1808 lieret?

260 1849 327 1908 Hoc
340 1850 496 1924 probabis?
516 1869 554 1910 an
564 1852 626 1927 ipae
638 1852 738 1912 aivem
759 1852 924 1910 Romanum
938 1847 1063 1909 maluit?
1082 1866 1128 1906 ee·

259 1949 307 2018 alo,
320 1950 368 2005 aui
383 1950 492 2018 Siculo,
507 1950 605 2009 eumia
619 1969 682 2009 reua
697 1952 788 2020 fieret,
801 1951 877 2009 civia
893 1951 1043 2009 Romanae
1062 1965 1127 2021 eog-

259 2047 335 2105 nitor
348 2046 441 2105 iaetus
449 2067 584 2123 umquam
597 2050 645 2107 ait.
685 2050 823 2112 Omnium
831 2056 996 2124 praetorum
1008 2049 1128 2113 litterar,

243 2134 306 2219 'qui
319 2149 389 2202 ante
402 2144 525 2216 iuemnt,
548 2150 651 2222 profer,
674 2150 801 2223 explica.
816 2148 842 2205 ai
854 2166 945 2207 unum
959 2146 1107 2207 inveneris
1117 2162 1141 2213 a·

257 2242 457 2317 egohoutibi,
477 2248 717 2316 quemadmodum
730 2248 763 2303 in
786 2246 892 2306 tabulia
916 2246 1056 2325 seriptum
1078 2244 1126 2301 ha·

256 2343 317 2410 bea,
330 2339 371 2399 ita
384 2344 498 2416 gestum
511 2357 574 2396 ease
594 2340 765 2397 concedam.
809 2341 860 2408 At,
873 2346 973 2410 credo,
988 2339 1124 2399 Stheniua

256 2442 311 2500 hoa
323 2439 380 2498 sibi
390 2443 516 2516 amplum
530 2457 596 2496 eaae
608 2437 731 2512 putavit,
745 2438 882 2512 aligerae
895 2441 1010 2497 nivium
1022 2439 1124 2494 Roma-

255 2559 357 2598 norum
370 2557 499 2608 numero,
513 2556 552 2596 ex
573 2537 731 2595 amicorum
745 2541 830 2609 atque
852 2535 999 2610 hoapitum
1012 2550 1123 2593 auomm

255 2639 349 2712 eopia,
364 2657 449 2714 quem
477 2638 657 2712 cognitorem
679 2637 770 2692 daret.
786 2635 882 2706 Quam
904 2632 1036 2709 delegit?
1063 2632 1123 2708 quia

255 2737 286 2794 in
301 2738 406 2795 tabulis
426 2738 549 2811 scriptus
563 2733 630 2793 eat?
656 2734 691 2790 Ο.
713 2733 861 2800 Claudius,
877 2733 913 2791 C.
928 2734 965 2789 F.
981 2732 1121 2788 Palatina.

255 2832 325 2888 Non
338 2850 453 2906 quaero,
466 2833 529 2907 quia
544 2831 592 2889 hic
606 2830 644 2887 ait
665 2826 814 2894 Claudius,
837 2842 923 2900 quam
944 2822 1120 2900 splendidus,

254 2946 339 3002 quam
353 2931 500 2999 honestus,
513 2946 598 3005 quam
613 2930 742 2994 idoneae,
762 2930 877 2998 propter
897 2924 981 2998 eujus
1005 2920 1124 2981 auetori-

254 3030 348 3082 tatem
362 3034 392 3084 et
412 3029 584 3101 dignitatem
603 3027 741 3083 Sthenius
755 3027 792 3082 ab
805 3023 935 3083 omnium
961 3022 1122 3080 Siculorum

253 3125 462 3180 consuetudine
471 3124 644 3188 diseederet,
658 3128 688 3179 et
701 3126 800 3182 civem
815 3124 982 3182 Romanum
994 3119 1122 3195 cognito

253 3236 315 3278 rem
327 3219 418 3288 daret,
426 3220 500 3282 nihil
514 3221 615 3276 horum
625 3236 741 3293 quaero.
756 3224 875 3280 fortaaae
889 3220 971 3277 enim
983 3217 1120 3276 Sthenius

253 3337 313 3378 non
326 3321 509 3394 aplendorom
531 3318 665 3388 hominia,
680 3322 730 3376 aad
756 3319 985 3378 familiaritatem
1007 3321 1120 3374 secutur

253 3424 306 3477 eat.
349 3418 426 3493 Quid
439 3417 465 3476 ai
488 3418 617 3476 omnium
631 3419 794 3475 mortalium
820 3416 945 3476 Sthenio
969 3410 1120 3475 nemoini·

253 3518 364 3587 micion,
375 3515 566 3594 quamhiaC.
582 3515 730 3585 Claudius,
750 3521 811 3602 tum
825 3533 949 3590 semper,
963 3509 1121 3572 tuminhia

280 3688 887 3763 ”affiligitur13ntseeit.sicomneeddveu
906 3703 932 3736 ua
933 3682 1119 3751 quenulanh'r

252 3745 815 3820 rmquiexeoaeituumaquodatnoliu
847 3702 1116 3805 Vefilflmil‘bittimt*
