2700 4675
233 554 273 612 η
606 547 729 596 enarro

223 693 368 767 judicium
381 695 491 752 venire.
533 693 688 753 Clamabat
705 709 789 767 porro
801 692 863 765 ipse
879 690 1044 763 Quintius,
1056 710 1121 752 sese

231 794 342 851 idcirco
355 795 433 851 nolle
448 794 596 862 satisdare,
620 811 658 851 ne
681 792 828 848 videretur
842 789 1017 862 judicasse,
1042 795 1121 850 bona

231 909 282 949 sua
296 910 334 949 ex
348 892 445 949 edicto
459 909 590 965 possessa
603 909 676 949 esse.
697 889 881 963 sponsionem
895 905 989 960 porro
1013 888 1042 946 si
1057 890 1119 947 isti·

230 990 342 1048 usmodi
366 991 489 1046 faceret:
511 1008 542 1045 se
561 987 605 1065 (id
618 991 695 1064 quod
714 1004 791 1045 nune
815 982 933 1062 evenit)
956 987 1117 1062 decapite

231 1104 284 1144 suo
307 1087 401 1159 priore
424 1088 490 1143 loeo
512 1104 629 1143 eausam
655 1104 719 1142 esse
743 1085 895 1141 dicturum.
949 1084 1118 1144 Dolabella

231 1183 484 1261 (quemadmodum
506 1188 601 1242 solent
622 1183 753 1241 homines
775 1183 906 1239 nobiles:
940 1201 997 1240 seu
1021 1189 1115 1251 recte,

232 1300 284 1339 seu
299 1300 447 1356 perperam
467 1284 563 1340 facere
577 1286 745 1356 coepemnt,
769 1280 810 1337 ita
824 1280 855 1336 in
869 1284 996 1355 utroque
1013 1284 1116 1340 excel·

233 1382 305 1449 lunt,
316 1386 347 1437 ut
357 1400 441 1439 nemo
456 1387 553 1439 nostro
567 1384 633 1438 loco
652 1384 735 1437 natus
755 1376 897 1451 ”assequi
910 1377 1024 1457 possit)
1040 1380 1114 1453 inju·

233 1481 306 1537 riam
319 1481 414 1537 facere
439 1481 592 1538 fortissime
614 1481 798 1553 perseverat:
820 1482 870 1533 aut
889 1474 1049 1546 satisdare,
1064 1482 1114 1535 aut

234 1578 418 1649 sponsionem
433 1578 518 1649 jubet
531 1578 646 1644 facere3
668 1583 699 1633 et
712 1577 824 1632 interea
847 1579 1021 1633 recusantes
1047 1593 1113 1634 nos·

204 1670 292 1731 9tros
322 1676 481 1730 advocatos
513 1674 652 1730 acerrime
683 1671 857 1730 submoveri.
907 1672 1112 1733 eontmbaors

235 1789 305 1829 sane
319 1772 443 1827 discedit
455 1771 607 1843 Quintius:
628 1789 722 1844 neque
740 1772 852 1837 mirum,
866 1770 915 1827 cui
934 1770 1014 1829 haee
1028 1772 1112 1847 optio

236 1874 295 1928 tam
309 1869 423 1937 misera,
438 1874 551 1943 tamque
565 1868 663 1942 iniqua
676 1870 800 1936 daretur,
814 1873 845 1925 ut
865 1872 913 1925 aut
934 1868 1000 1944 ipse
1015 1888 1049 1928 se
1062 1888 1113 1929 ca·

236 1968 304 2041 pitis
326 1971 486 2035 damnaret,
508 1968 533 2023 si
552 1967 764 2024 satisdedisset:
788 1971 968 2024 autcausam
990 1969 1113 2043 eapitis,

236 2067 261 2123 si
282 2068 466 2139 sponsionem
487 2066 620 2134 fecisset,¹
634 2066 728 2139 priore
743 2067 808 2121 loeo
821 2065 940 2121 diceret.
983 2065 1064 2125 Cum
1078 2068 1112 2126 in

237 2166 327 2218 altera
342 2181 381 2229 re,
398 2180 502 2218 causae
514 2164 586 2217 nihil
598 2169 684 2229 esset,
698 2164 766 2235 quin
788 2180 870 2219 secus
877 2161 1031 2234 judiearet
1044 2166 1111 2238 ipse

237 2260 274 2315 do
286 2276 331 2326 se3
352 2261 426 2331 quod
434 2258 577 2330 judicium
591 2258 792 2331 gravissimum
806 2266 864 2317 est:
886 2260 917 2317 in
932 2263 1027 2319 altera
1042 2280 1112 2339 spes

238 2363 315 2414 esset
329 2358 364 2415 ad
379 2360 467 2414 talem
486 2362 584 2413 tamen
599 2357 702 2425 virum,
711 2358 850 2432 judicem,
865 2359 1017 2429 veniendi,
1031 2364 1113 2421 unde

237 2475 272 2513 eo
281 2457 412 2532 plnsopis
424 2457 555 2524 auferret,
566 2475 621 2531 quo
632 2457 726 2514 minus
737 2458 879 2515 attulisset
886 2458 1007 2530 gratiae,
1022 2440 1112 2535 spon-

237 2556 348 2613 sionem
370 2558 463 2614 facere
486 2556 604 2613 maluit:
626 2556 704 2613 fecit.
726 2560 755 2612 te
773 2556 913 2628 judicem,
928 2556 963 2612 O.
979 2558 1112 2634 Aquilli,

239 2655 339 2708 sumsit
354 2673 360 2709 ι
382 2672 418 2709 ex
433 2671 537 2725 sponso
552 2655 620 2726 egit.
662 2655 698 2712 ln
713 2656 768 2711 hoc
783 2672 892 2710 summa
899 2653 1019 2726 judicii,
1041 2674 1113 2717 cau-

239 2767 326 2823 saque
337 2754 397 2804 tota
408 2750 549 2806 consistit.

278 2845 424 2902 iudicium
440 2865 511 2913 esse,
522 2848 556 2904 C.
571 2847 690 2922 Aquilli,
702 2867 760 2906 non
774 2852 810 2906 de
824 2869 854 2906 re
868 2850 1113 2924 pecuniariased

238 2945 275 3000 de
289 2945 364 3001 fama
379 2945 553 3019 fortunisque
569 2947 602 3003 P.
619 2948 733 3018 Quintil
752 2949 844 3004 vides.
885 2949 960 3006 Cum
981 2953 1114 3026 majores

238 3041 279 3098 ita
293 3044 503 3111 constituerint,
516 3049 548 3098 ut
561 3044 609 3117 qui
631 3063 682 3117 pro
695 3045 791 3117 capite
806 3047 925 3114 diceret,
941 3047 966 3103 is
984 3054 1114 3120 posteri·

238 3156 286 3194 ore
299 3142 363 3195 loco
384 3140 511 3196 diceret:
534 3159 586 3196 uos
596 3142 726 3198 inaudita
740 3126 941 3201 criminatione
955 3157 1115 3209 accusato·

239 3253 308 3302 rum,
324 3236 416 3307 priore
432 3239 496 3292 loco
514 3255 630 3295 calisam
652 3241 750 3297 dicere
769 3242 917 3316 intelligis.
939 3261 989 3299 eos
1010 3264 1112 3320 porro,

238 3336 286 3408 qui
300 3335 452 3391 defendere
472 3343 654 3406 consuerunt,
666 3340 748 3396 vides
759 3359 910 3397 accusare:
931 3346 962 3398 et
975 3360 1013 3400 ea
1027 3346 1115 3422 inge·

237 3433 286 3490 nia
300 3435 432 3490 converti
446 3437 481 3491 ad
495 3436 662 3507 perniciem,
676 3455 749 3510 quae
762 3446 848 3495 antea
871 3441 1064 3501 versabantur
1079 3447 1115 3507 in

239 3534 330 3588 salute
351 3536 435 3604 atque
450 3533 558 3591 auxilio
571 3535 698 3591 ferendo.
741 3537 817 3593 Illud
838 3537 928 3594 etiam
951 3540 1117 3616 restiterat,

241 3631 315 3702 cuod
328 3630 462 3686 hesterno
473 3631 521 3688 die
535 3625 673 3701 feeeiunt
686 3639 718 3693 ut
732 3638 761 3691 te
775 3635 859 3709 injus
874 3638 1064 3708 adducerent,
1079 3650 1116 3702 ut

266 3783 289 3819 :s
303 3782 475 3845 assarna]
506 3784 543 3831 sa
552 3785 611 3833 earu
621 3792 743 3848 prosse,
753 3788 776 3835 a
784 3803 828 3851 quo
838 3789 924 3850 puerile
933 3795 1053 3850 matum
1063 3772 1121 3846 eir.
