2700 4675
426 539 498 594 AOT.
515 542 545 592 ll.
561 498 658 592 [ΜΒ
672 540 849 592 SECUNDUS.
1016 548 1078 611 307

212 694 286 747 trum
299 687 385 748 luisse
396 707 433 747 ec
446 690 509 764 ipso
522 707 608 758 anno,
618 689 667 764 qui
683 689 754 747 mihi
766 690 893 748 maxime
901 693 1081 764 quaerendus

214 795 284 855 erat,
299 789 421 861 primum
435 787 513 845 veni.
556 790 634 845 Sane
655 788 766 845 homini
786 795 901 861 praeter
913 790 1083 862 opinionem·

215 885 374 958 improviso
395 886 496 945 incidi.
517 892 656 942 scrutatus
670 903 742 953 sum,
763 903 836 960 quae
853 887 942 959 potui,
955 892 986 943 et
999 905 1083 960 quae·

213 982 273 1039 sivi
286 984 399 1040 omnia:
421 984 524 1041 inveni
537 985 607 1041 duos
622 987 697 1040 solos
709 984 834 1051 libellos,
843 987 880 1041 ab
895 987 929 1042 L.
941 985 1083 1058 Canuleio

216 1080 317 1137 missos
333 1082 419 1138 sociis
435 1100 472 1138 ex
487 1087 569 1154 portu
585 1083 754 1155 Syracusis:
775 1083 921 1157 inquibus
936 1084 1084 1141 eratratio

144 1217 151 1222 -
217 1177 325 1249 scripta
340 1180 480 1235 mensium
500 1180 699 1251 complurium,
713 1198 806 1237 rerum
824 1186 1037 1253 exportatarum
1048 1182 1084 1239 is·

217 1274 276 1331 tius
298 1278 416 1334 nomine
437 1278 501 1334 sine
524 1278 658 1350 portorio.
683 1279 780 1351 itaque
801 1279 955 1351 obsignavi
976 1279 1084 1336 statim.

217 1370 249 1403 ¹⁰⁰
259 1370 350 1431 Erant
364 1376 437 1431 haec
451 1393 491 1432 ex
505 1394 540 1432 eo
553 1393 669 1447 genere,
683 1376 758 1448 quod
772 1392 827 1447 ego
847 1375 974 1432 maxime
993 1395 1085 1448 genus

218 1487 257 1526 ex
269 1471 411 1527 sociorum
422 1472 524 1527 litteris
535 1472 659 1543 reperire
670 1471 838 1542 cupiebam3
861 1490 959 1530 verum
975 1478 1086 1544 tontum

218 1566 331 1632 inveni,
344 1566 470 1638 judices,
483 1570 558 1639 quod
580 1570 654 1640 apud
676 1586 730 1624 vos
751 1568 833 1641 quasi
851 1570 979 1642 exempli
999 1587 1087 1629 causa

219 1666 344 1738 prolerre
359 1683 480 1738 possem.
495 1668 546 1723 sed
560 1673 668 1732 tamen,
683 1666 820 1740 quidquid
834 1666 889 1723 erit
902 1667 934 1724 in
948 1668 993 1725 his
1007 1668 1087 1728 libel·

221 1763 267 1830 lis,
276 1767 565 1838 quantulumcumque
576 1766 720 1823 videbitur
733 1783 806 1830 esse,
816 1767 871 1824 hoc
880 1767 994 1840 quidem
1008 1773 1086 1825 certe

220 1860 403 1919 manifestum
415 1863 481 1916 crit:
496 1864 532 1916 dc
546 1864 651 1917 ceteris
665 1880 704 1916 ex
715 1865 770 1917 hoc
784 1865 979 1934 conjecturam
991 1865 1087 1921 lacere

219 1958 373 2014 debebitis.
415 1958 518 2013 Recita
534 1957 615 2022 mihi,
636 1974 752 2030 quaeso,
767 1958 843 2013 hunc
866 1957 987 2029 primum
1006 1960 1087 2017 libel·

220 2057 299 2115 lum:
319 2056 424 2112 deiude
439 2056 519 2111 illum
535 2057 663 2111 alterum.
680 2072 806 2110 nrnnnnr
821 2073 982 2112 csnvnnsr.
1019 2058 1087 2114 Jam

222 2172 281 2212 non
304 2171 418 2229 quaero,
443 2155 517 2210 unde
542 2171 613 2209 cccc
641 2153 792 2224 amphoras
820 2153 914 2210 mellis
945 2155 1088 2223 habueris,

222 2251 322 2310 ¹undo
356 2258 466 2310 tantam
508 2252 695 2309 Melitensem
735 2258 858 2319 vestem,
898 2253 974 2309 unde
1006 2254 1088 2327 quin·

222 2353 359 2426 quaginta
399 2352 588 2410 tricliniorum
629 2354 731 2418 lectos,
773 2353 848 2408 unde
877 2356 920 2408 tot
955 2354 1088 2409 candela·

223 2452 292 2506 bra:
315 2467 382 2515 non,
396 2451 521 2521 inquam,
535 2449 598 2519 jam
618 2465 733 2519 quaero,
747 2449 823 2503 uncle
844 2448 917 2503 hacc
937 2449 1087 2507 habueris:

223 2547 275 2600 secl
289 2563 345 2616 quo
365 2544 418 2600 tibi
439 2551 550 2601 tanturn
563 2561 633 2615 opus
648 2543 742 2609 luerit,
760 2543 790 2598 id
812 2561 925 2616 quaero.
949 2545 1032 2602 mitto
1051 2548 1088 2603 de

224 2643 330 2698 melle:
351 2643 401 2696 sed
416 2646 565 2697 tantumne
581 2639 802 2697 Melitensium?
822 2643 903 2713 quasi
917 2643 1007 2699 etiam
1019 2643 1089 2700 ami·

224 2755 323 2797 corum
333 2754 450 2794 uxores:
472 2743 582 2793 tantum
595 2735 750 2793 lectorum?
770 2738 851 2810 qnasi
862 2738 950 2796 etiam
960 2740 1089 2798 omnium

223 2837 343 2895 istorum
360 2835 443 2892 villas
458 2842 606 2891 ornaturus
621 2853 707 2891 esses.

266 2936 341 2991 Cum
370 2935 442 2989 haec
457 2950 609 3005 paucorum
624 2932 765 2988 mensium
779 2932 852 2989 ratic
873 2932 904 2989 in
923 2933 969 2990 his
983 2935 1089 2993 libellis
1101 2941 1141 3004 75

227 3032 274 3100 sit,
289 3033 385 3098 lacite,
400 3038 430 3088 ut
444 3031 527 3087 vohis
542 3030 659 3086 triennii
674 3029 760 3086 totius
776 3030 875 3086 veniat
896 3031 928 3087 in
953 3040 1089 3092 mentem.

228 3130 279 3187 Sic
294 3131 453 3196 contendo,
473 3146 512 3185 ex
527 3128 571 3184 his
586 3129 682 3202 parvis
703 3128 808 3184 libellis
831 3132 906 3201 apud
926 3148 1014 3188 unum
1033 3151 1091 3191 rna-

256 3283 286 3314 ¹⁰⁰
301 3282 376 3327 Erunt
384 3281 435 3326 huec
445 3297 471 3326 eu
481 3297 503 3327 cu
509 3283 543 3342 g.]
560 3281 679 3328 lambinus
687 3283 710 3327 in
718 3281 775 3328 Mas.
785 3281 868 3329 duobus
874 3284 965 3345 reperit,
974 3285 1021 3330 Nec
1028 3292 1093 3333 erunt

226 3342 285 3394 hoec,
296 3341 354 3401 quod
364 3343 387 3383 et
396 3339 465 3385 edidit
477 3339 547 3386 Aldus
557 3341 641 3399 Nepos.
668 3341 719 3387 Non
729 3341 791 3387 bene.
818 3341 840 3387 N
842 3357 878 3387 am
888 3345 1056 3402 erantprciecto
1064 3359 1092 3390 ex

227 3413 255 3444 eo
264 3413 351 3457 genere,
362 3413 389 3443 ex
398 3412 442 3458 quo
451 3397 530 3443 Cicero
538 3398 666 3457 quaerebat,
677 3402 702 3443 ut
720 3413 734 3443 e
753 3413 812 3460 seqq.
823 3405 892 3459 putet.
917 3400 1002 3446 Verum
1021 3400 1092 3458 dolet,

226 3471 251 3503 se
259 3473 303 3502 non
313 3458 376 3517 plura
386 3455 498 3516 reperisse.

256 3537 266 3568 ¹
281 3537 341 3582 uude
356 3540 439 3581 motum
453 3533 589 3581 Muliebrem
606 3533 701 3592 uestem]
732 3533 822 3591 Vulgo:
837 3539 923 3580 uiuum
933 3534 1091 3583 Melitensium.

227 3593 318 3640 illudio
330 3594 377 3640 Mu.
388 3593 466 3639 Franc.
479 3591 559 3652 reperit
569 3591 685 3645 Graevius,
696 3591 760 3651 eique
769 3607 813 3638 non
826 3593 963 3651 displicebat.
992 3595 1024 3638 Et
1034 3609 1093 3639 rece·

226 3650 295 3712 pissct
304 3651 386 3712 utique,
398 3650 447 3696 siin
458 3650 554 3710 pluribus
564 3649 626 3696 libris
639 3648 761 3708 reperisset.
792 3650 838 3696 Cur
848 3657 920 3695 autern
931 3665 974 3696 non
984 3651 1093 3699 editiones

227 3716 323 3763 veteres,
334 3724 387 3778 quas
407 3709 429 3754 in
446 3708 544 3754 manibus
560 3709 664 3762 habebat,
676 3707 788 3767 inspexit?
811 3723 867 3767 quae
887 3723 991 3754 consensu
1011 3709 1093 3757 habent

229 3768 289 3813 hanc
299 3768 429 3813 lectionem:
447 3768 505 3828 qnod
515 3782 555 3813 nec
564 3767 671 3814 Gruterus
681 3766 812 3811 observavit.
841 3768 919 3825 itique
929 3768 1009 3826 recepi.
1034 3769 1093 3821 Qum

229 3839 274 3874 non
282 3825 348 3874 nimis
355 3826 456 3888 frequens
464 3826 507 3875 iata
519 3827 596 3887 torma,
606 3830 640 3875 cst
647 3824 761 3873 munnio
768 3838 887 3884 conquire
895 3825 1033 3886 paullopost.
