2700 4675
513 579 586 631 ACT.
603 583 633 631 11.
649 579 747 631 LIBER
760 580 890 631 PRIMUS.
1068 582 1135 642 231²

262 727 433 787 conditione
453 729 550 797 sociis,
571 730 685 787 fortuna
704 729 807 795 servis,
822 729 973 784 voluntate
996 724 1131 797 supplici·
1183 740 1185 744 ’

268 830 337 884 bus:
358 832 390 884 nt
403 827 586 899 perspicuum
600 828 638 884 sit
650 829 794 892 omnibus,
808 826 865 882 nisi
885 830 968 881 tanta
990 822 1131 880 acerbitas

261 915 394 999 injuriae,
410 930 491 981 tanta
506 926 551 981 vis
565 926 683 981 sceleris
699 924 808 989 fuisset,
822 930 853 980 nt
867 921 1059 995 Lampsaceni
1073 937 1131 978 mo-

264 1023 396 1080 riendum
421 1022 479 1079 sibi
507 1023 611 1096 potius,
630 1039 715 1096 quam
737 1022 954 1095 perpetiendum
978 1025 1131 1093 putarent3

264 1138 419 1194 numquam
433 1120 499 1177 iilos
512 1122 544 1177 in
566 1138 642 1193 eum¹
653 1123 749 1177 iocum
770 1137 963 1194 progressuros
985 1119 1081 1185 fuisse,
1096 1122 1127 1174 ut

262 1220 466 1277 vehementius
479 1220 547 1277 odio
558 1219 685 1276 libidinis
697 1224 773 1286 tuae,
784 1236 869 1293 quam
881 1230 959 1275 metu
974 1216 1128 1292 legationis

262 1323 454 1376 moverentur.
506 1318 616 1386 Nolite,
643 1336 696 1391 per
716 1320 787 1376 deos
809 1317 994 1381 immortales,
1021 1332 1128 1385 cogere

260 1418 354 1475 socios
368 1423 453 1493 atque
467 1423 582 1475 exteras
597 1417 740 1483 nationes,
753 1415 810 1471 hoc
830 1415 874 1471 uti
894 1413 1041 1487 perfugio:
1063 1424 1139 1486 qno‚·

259 1514 278 1549 ⁷¹
287 1516 344 1574 nisi
358 1535 411 1573 vos
426 1516 593 1583 vindicatis,
607 1519 724 1571 utentur
736 1513 911 1571 necessario.
954 1513 1128 1583 Lampsace-
1203 1550 1205 1553 -

259 1632 312 1673 nos
326 1614 358 1672 in
378 1616 466 1673 istum
480 1630 634 1688 numquam
656 1614 715 1670 ulia
736 1630 781 1669 res
804 1611 973 1686 mitigasset,
990 1610 1047 1666 nisi
1060 1627 1127 1669 eum

260 1731 368 1789 poenas
393 1714 504 1772 Romae
528 1715 659 1770 daturum
686 1712 886 1769 credidissent
928 1710 967 1766 ut
990 1709 1126 1767 sitalem
1195 1780 1199 1788 ι

258 1819 433 1884 acceperant
458 1812 603 1886 injuriam,
631 1828 717 1884 quam
745 1813 824 1867 nulla
850 1811 915 1882 lege
941 1808 1012 1864 satis
1038 1808 1126 1880 digne

256 1908 421 1985 ”persequi
442 1914 590 1982 poterant:
611 1913 711 1964 tamen
733 1907 916 1965 incommoda
943 1923 994 1961 sua
1020 1906 1126 1962 nostris

258 2008 439 2069 committere
454 2006 565 2078 legibus
579 2009 609 2061 et
623 2004 755 2075 judiciis,
768 2021 853 2078 quam
877 2003 969 2059 dolori
993 2020 1045 2058 suo
1065 2021 1126 2075 per·

257 2105 375 2164 mittere
394 2105 564 2160 maluerunt.
587 2093 686 2159 ''³'I'u
707 2088 869 2171 mihi,'cum
889 2098 1127 2159 circunisess'uss

206 2237 212 2256 .
255 2208 317 2263 tam
338 2202 442 2260 illustri
464 2202 588 2260 civitate
608 2201 649 2259 sis
670 2206 787 2276 propter
810 2206 890 2259 tuum
915 2204 1012 2259 scetus
1038 2208 1125 2275 atque

257 2303 413 2378 flagitium
432 2319 497 2360 cum
522 2300 656 2377 coegeris
677 2302 811 2360 homines
825 2286 950 2361 'miseros
963 2307 993 2360 et
1007 2300 1125 2359 calami·

255 2405 343 2470 tonos,
356 2403 437 2478 quasi
457 2401 616 2474 desperatis
638 2403 742 2458 nostris
766 2403 877 2476 tegibus
891 2408 922 2459 et
937 2394 1067 2474 judiciis,
1086 2401 1125 2457 ad

255 2500 327 2567 vim,
341 2500 377 2557 ad
391 2514 502 2565 manus,
516 2497 552 2553 ad
566 2512 646 2553 arms
660 2500 833 2569 confugeres
853 2515 919 2555 cum
930 2503 960 2555 te
968 2499 1000 2554 in
1011 2498 1124 2571 oppidis

256 2602 288 2655 et
302 2590 472 2654 civitatibus
486 2596 643 2651 amicorum
657 2612 716 2650 non
731 2596 857 2667 legatum
877 2597 975 2670 populi
989 2595 1124 2664 Romani,

253 2697 306 2754 sed
327 2700 483 2767 tyrannum
505 2692 692 2750 libidinosum
712 2693 914 2768 crudelemque
939 2694 1121 2768 praebueris3

252 2812 320 2853 oum
334 2794 410 2866 apud
423 2797 536 2848 exteras
551 2791 694 2857 nationes,
708 2791 823 2864 imperii
837 2794 1016 2867 nominisque
1029 2794 1121 2851 nostri

254 2893 360 2951 samam
386 2891 442 2948 tuis
464 2890 573 2964 probris
598 2890 772 2964 flagitiisque
793 2890 927 2960 victurius
947 2909 1014 2948 cum
1034 2899 1064 2947 te
1082 2911 1121 2949 ex

251 2992 327 3048 ferro
340 2991 497 3049 amicorum
508 2989 606 3063 populi
621 2989 747 3047 Romani
757 2989 904 3063 eripueris,
916 2995 1028 3064 atquee
1042 2986 1120 3049 flam·

251 3107 299 3147 mn
313 3091 455 3148 sociorum
466 3089 605 3147 evolatisa
626 3088 675 3146 hic
690 3088 744 3145 tibi
759 3089 915 3163 perfugium
934 3108 1033 3164 speras
1047 3090 1119 3150 sutu-

249 3185 334 3246 rum?
353 3189 447 3245 Erras.
468 3193 499 3244 ut
513 3189 568 3245 huc
582 3188 736 3256 insideres,
751 3205 810 3246 non
823 3193 853 3245 ut
870 3189 917 3246 hic
931 3191 1128 3265 conquiesce-¹

280 3341 303 3375 ⁷¹
318 3338 364 3384 nisi
376 3353 412 3385 aas
424 3338 547 3394 naucum,
562 3345 655 3388 matur
663 3356 689 3387 n.
732 3341 817 3389 Melius
827 3343 885 3388 forte
893 3343 1050 3391 vindicor-itis:
1066 3360 1117 3392 nam

246 3394 399 3468 sic‘alibi‘est.
433 3394 673 3468 Vindicatisscompe
704 3399 726 3444 'o
741 3400 790 3470 fieri
802 3400 881 3470 potuit.
905 3402 972 3471 ¹Mor
988 3418 1030 3472 pro
1039 3405 1117 3449 vestris

249 3457 338 3515 tegmen
347 3454 501 3522 cumGraeno
509 3456 569 3501 edidi
579 3461 666 3502 nostras.
700 3458 744 3513 Ne,
755 3473 773 3504 sr
780 3460 865 3514 pudicas
874 3461 963 3521 qmdem
974 3463 1009 3507 ine
1018 3462 1118 3521 alloque-

248 3520 319 3569 retur,
336 3517 411 3581 vestras
421 3513 558 3581 commodum
573 3522 637 3560 esset.
669 3514 702 3561 nt
711 3515 742 3560 sic
751 3517 801 3562 edd.
813 3531 846 3577 pr.
858 3523 882 3564 et
891 3518 968 3580 paullo
978 3525 1027 3580 post
1036 3518 1117 3565 iterum

248 3579 284 3622 est
299 3576 379 3619 mum
389 3571 474 3627 hgtbsas
484 3576 503 3616 et
512 3572 616 3630 judiciis.

277 3652 302 3686 '12
315 3649 415 3708 persequi
421 3650 538 3710 poterant]
569 3650 617 3697 Ms.
630 3649 672 3698 Gn.
682 3657 773 3710 munst,
784 3655 842 3714 quod
849 3655 928 3702 rectius
939 3654 1034 3700 videtur.

276 3731 300 3764 ⁷³
316 3728 356 3776 Pu
366 3727 429 3785 mitat,
446 3741 504 3797 cum,
514 3729 568 3798 etc]
600 3729 639 3776 Ta
647 3729 704 3775 mitri
714 3731 792 3790 paullo
800 3734 876 3780 durius
885 3750 934 3781 cnm
948 3735 1021 3779 altero
1029 3731 1065 3776 lu'r
1075 3731 1119 3778 titt

243 3788 392 3899 mm,
407 3791 450 3836 etc.
468 3800 527 3836 mue
542 3788 644 3839 videm:
666 3789 707 3837 sad
723 3789 789 3850 longa
803 3792 942 3854 interpositio
958 3791 1019 3891 tacit
1035 3795 1119 3841 utnon
