2700 4675
455 588 527 636 aer.
545 589 581 636 11.¹
606 589 703 637 crass
717 588 850 636 surmus.
1030 587 1086 645 241

223 743 293 801 quas
305 731 386 786 nullo
403 731 487 802 duce,
501 739 598 793 tamen
618 737 715 811 aliqua
728 755 766 792 ex
780 734 924 808 particula
936 727 1093 802 investiga-

221 843 295 891 mus,
309 831 518 889 redundarunt:
540 835 609 891 hinc
633 835 708 891 ratio
732 851 798 890 cum
814 833 850 903 Q.
871 836 901 887 et
923 830 979 886 Cn.
996 827 1094 883 Postu-

224 923 299 991 miis,
311 927 429 995 Curtiis,
441 932 538 987 multis
552 933 733 1001 nominibus3
754 948 872 1004 quorum
882 930 913 986 iu
925 927 1029 984 tabulis
1040 924 1095 981 iste

226 1023 314 1082 habet
326 1029 453 1083 nullum:
476 1029 544 1086 hinc
564 1027 585 1062 ⁰⁷
597 1031 658 1088 H·S
673 1029 871 1105 quaterdecies
887 1028 920 1084 Ρ.
934 1025 1032 1083 Tadio
1046 1041 1096 1081 nu-

226 1129 367 1180 meratum
381 1127 514 1194 Athenis,
527 1128 646 1184 testibus
657 1131 774 1202 planum
785 1126 903 1185 faciam:
919 1125 988 1182 hinc
1000 1127 1097 1196 empta

226 1222 405 1292 apertissime
420 1231 568 1298 praetura3
589 1226 645 1283 nisi
666 1229 738 1284 forte
755 1227 785 1283 id
810 1225 898 1282 etiam
911 1223 1030 1280 dubium
1043 1227 1097 1287 est,

226 1322 368 1392 rpromodo
381 1322 436 1379 iste
452 1330 564 1395 praetor
578 1326 669 1382 iactus
690 1326 737 1381 sit.
778 1323 799 1355 ⁰⁸
811 1325 906 1379 Homo
920 1309 1097 1377 scilicet'ant

224 1415 373 1485 industria,
392 1427 441 1477 aut
454 1439 542 1494 opera
556 1425 685 1494 probata,
704 1428 754 1478 aut
767 1419 938 1494 frugalitatis
952 1417 1097 1474 existima·

225 1515 305 1575 tione
321 1521 477 1589 praeclara,
491 1526 541 1576 ant
557 1521 691 1594 denique,
704 1521 735 1576 id
749 1521 824 1594 quod
845 1519 1023 1576 levissimum
1044 1521 1097 1582 est,

225 1615 413 1673 assiduitate:
444 1618 493 1691 qui
518 1624 586 1675 ante
610 1624 790 1692 quaesturam
814 1636 879 1675 cum
901 1615 1097 1673 meretricibus

227 1713 435 1789 lenonibusque
451 1717 583 1784 vixisset,
605 1724 785 1791 quaesturam
808 1717 848 1774 ita
872 1716 1017 1791 gessisset,
1032 1732 1098 1787 que-

226 1812 409 1869 madmodum
423 1816 601 1887 cognovistis
617 1817 729 1872 Romae
743 1822 807 1888 post
821 1821 1002 1889 quaesturam
1016 1814 1097 1869 illam

227 1909 367 1966 nefariam
388 1912 439 1967 vix
462 1913 587 1968 triduum
612 1914 799 1978 constitisset,
814 1916 917 1968 absens
932 1930 989 1967 nou
1005 1911 1035 1966 in
1049 1913 1097 1966 ob·

226 2007 340 2064 livione
347 2009 498 2079 jacuisset,
513 2010 564 2064 sed
579 2010 610 2065 in
624 2010 739 2065 assidua
751 2008 1025 2065 commemoratione
1039 2025 1097 2063 orn·

227 2104 314 2162 nibus
326 2105 455 2162 omnium
476 2107 646 2181 flagitiomm
660 2108 777 2164 luisset:
799 2108 824 2163 is
846 2113 974 2181 repente,
995 2111 1027 2162 ut
1041 2107 1097 2163 Ro

227 2198 306 2260 mam
321 2205 412 2272 venit,
425 2205 513 2278 gratis
528 2211 640 2279 praetor
652 2207 744 2263 iactus
755 2203 822 2264 est?
857 2207 926 2264 Alia
948 2223 1030 2279 porro
1050 2224 1096 2279 pe-

226 2304 322 2372 cunia,
337 2321 375 2361 ne
389 2311 579 2374 accusaretur,
591 2307 667 2363 data.
697 2306 754 2364 Cui
768 2306 805 2363 sit
816 2307 892 2372 data,
904 2305 977 2362 nihil
992 2305 1028 2361 ad
1041 2323 1095 2373 me,

226 2402 300 2460 nihil
324 2404 361 2460 ad
384 2422 444 2460 rem
465 2405 610 2477 pertinere
634 2406 772 2461 arbitror:
793 2406 891 2460 datam
903 2403 1019 2477 quidem
1033 2420 1096 2458 esse

226 2506 288 2557 tum
314 2502 391 2558 inter
414 2519 516 2558 omnes
542 2503 653 2558 recenti
680 2501 797 2575 negotio
821 2500 908 2557 facile
935 2502 1095 2556 constabat.

227 2600 324 2657 Homo
338 2599 506 2655 stultissime
520 2604 550 2656 et
570 2598 775 2666 amentissime,
795 2601 906 2655 tabulas
925 2616 991 2655 cum
1010 2598 1096 2655 confi·

224 2714 317 2763 ceres,
331 2702 361 2753 et
374 2714 440 2753 cum
451 2698 696 2754 extraordinariae
712 2697 853 2770 pecuniae
865 2696 974 2755 crimen
989 2699 1096 2754 subter·

224 2796 324 2870 lugere
339 2797 449 2852 velles:
469 2794 568 2852 nlsatis
590 2800 619 2851 te
642 2798 803 2868 elapsurum
827 2796 907 2852 omni
931 2796 1096 2867 suspicione

226 2965 318 3011 sequeus
325 2950 470 2997 desideratur.
502 2951 553 3010 Ego
561 2954 649 2997 tantum
655 2964 697 3011 pro
706 2950 763 3009 quod
772 2948 893 3010 scripserim
902 2949 928 2995 id
937 2953 969 3005 tu,
979 2958 1023 2994 etc.
1034 2953 1059 2995 ut
1069 2949 1097 2995 sit

230 3024 371 3070 consequens.

228 3106 231 3111 ·
255 3088 279 3120 ⁹⁷
293 3086 415 3135 sestertiism
428 3092 504 3148 quate
518 3088 588 3135 decies
601 3086 764 3147 numeratum]
796 3086 885 3133 Vitiosa
895 3087 961 3145 vulgo
971 3092 1093 3135 summata.

225 3147 304 3251 ἓξὲξ
325 3149 567 3252 u-qqprogpiohnogmlugerit
577 3149 636 3194 viros
646 3148 723 3193 doctos
733 3146 872 3203 recentiores,
882 3152 932 3208 post
942 3147 1051 3205 mgnum
1061 3164 1095 3194 ac-

258 3282 279 3312 ⁹⁸
289 3280 362 3325 Hmro
370 3282 625 3340 scilicetauts'ndustrin,
634 3287 688 3346 ete]
719 3284 802 3337 Miror,
817 3284 853 3330 hic
867 3299 911 3330 non
924 3284 1020 3330 haesisse
1030 3285 1095 3332 inter·

227 3342 311 3411 preter.
343 3339 462 3385 uamtota
505 3341 578 3389 riodus
591 3345 757 3389 noncohaerct.
790 3345 849 3389 Nam
859 3343 882 3388 in
891 3343 997 3403 principio
1007 3343 1096 3389 videtur

228 3411 314 3445 rronrce
331 3397 398 3456 loqui,
408 3402 432 3442 et
448 3412 476 3442 ve
493 3414 507 3443 e
514 3414 685 3446 commemorare
695 3401 774 3446 merita
783 3406 807 3447 et
813 3402 906 3448 virtutes
913 3402 996 3456 Verris,
1005 3406 1097 3461 propter

228 3471 284 3519 quas
303 3455 378 3500 statim
401 3464 492 3525 praetor
515 3458 583 3504 indus
602 3458 645 3504 sit:
671 3465 711 3505 aut
731 3460 850 3515 iardmtric,
870 3469 914 3507 etc,
953 3461 998 3506 Sed
1021 3460 1096 3505 statim

227 3519 351 3576 sequuntur
367 3513 423 3559 vitra
447 3519 471 3560 et
493 3516 593 3574 flagitia:
618 3517 657 3575 qssi
675 3522 725 3562 anta
745 3523 884 3576 pneumam
899 3519 991 3576 scissa
1023 3518 1096 3576 Suspi-

230 3589 278 3629 cor,
293 3577 346 3618 ante
360 3577 399 3618 ant
413 3572 526 3621 industrio
543 3574 649 3621 eccidisse
667 3577 740 3621 nulla
772 3578 807 3622 lta
824 3578 899 3624 omnia
917 3576 1000 3638 optimc
1019 3577 1097 3620 cobae-

227 3637 294 3680 rent:
310 3635 335 3676 et
343 3630 422 3677 ultima
430 3632 451 3677 is
459 3638 545 3688 reperite
558 3660 569 3668 -
582 3634 677 3690 -sactsu
687 3638 717 3679 cst
726 3634 883 3694 lntermgative
898 3636 997 3693 legenda.
1014 3633 1096 3679 seilicet

226 3691 368 3740 referendum
377 3691 406 3735 ad
416 3705 556 3753 consequeus.
572 3691 592 3737 is
601 3698 689 3749 repente
696 3694 773 3749 gratia
783 3698 825 3740 etc.
857 3694 901 3745 Qui
911 3694 989 3739 niellus
1004 3690 1095 3751 poterit,

223 3750 379 3798 eumlibenter
388 3749 485 3796 audiam.
505 3751 655 3813 interpunctio
663 3750 687 3797 in
697 3752 746 3798 edd.
755 3766 788 3813 pr.
799 3758 834 3799 est
843 3751 956 3811 ejusmodi,
966 3755 991 3797 ut
999 3750 1096 3797 editores

222 3809 256 3857 nil
267 3808 400 3856 intellexisse
409 3816 523 3870 appareat.

255 3886 277 3919 ⁹⁹
290 3887 525 3951 umeuapmmm]
556 3887 616 3942 Quid
633 3892 667 3935 est
684 3888 843 3951 autquomodo
858 3864 938 3935 iretur
954 3887 1006 3935 nris
1022 3889 1096 3936 enus

270 3986 339 4027 von.
361 3988 402 4027 rr.
641 3973 679 4026 23
