2700 4675
267 574 308 633 ⁶4
647 563 771 613 omrro

266 731 326 772 non
339 709 503 784 placebat?
523 727 609 789 qnam
628 713 666 770 ob
689 704 835 768 cansam!
855 723 997 768 necesse
1013 713 1065 767 ert
1078 705 1154 777 enm

265 830 331 869 enm
344 829 455 887 quoque
463 812 582 886 justam,
597 818 627 869 et
642 826 785 886 magnum,
800 811 831 864 et
845 807 1052 882 perspicuam
1065 808 1151 866 snae.

266 912 354 977 Nam,
368 915 400 966 ut
419 911 490 968 illud
509 910 683 968 incredibile
708 913 761 976 est,
782 911 910 965 mortem
933 909 1077 967 oblatam
1098 922 1151 964 eur

265 1008 340 1083 putri
354 1025 372 1063 a
384 1007 446 1064 lilio
458 1006 522 1063 sine
537 1007 666 1080 plurimis
688 1011 719 1064 et
732 1004 867 1064 maximis
890 1007 999 1064 causis
1014 1026 1022 1064 ε
1046 1008 1091 1064 sic
1103 1007 1149 1062 lroc

265 1103 423 1163 verisimile
438 1121 495 1162 non
510 1108 564 1172 est,
578 1104 646 1162 odio
660 1103 748 1162 luisse
761 1103 876 1178 parenti
891 1103 994 1162 filium
1010 1105 1079 1162 eine
1092 1119 1147 1161 can

265 1204 304 1262 sir
318 1201 427 1273 multis,
452 1207 481 1260 et
505 1202 629 1278 magnis,
646 1208 676 1261 et
699 1199 881 1260 necessariis.
927 1202 1051 1261 Rursus
1071 1200 1147 1278 lgitu

265 1305 369 1363 eodem
382 1309 569 1371 revertamur,
578 1308 608 1360 et
619 1318 797 1379 quaeramus,
813 1317 887 1375 quae
902 1304 992 1358 tantu
1008 1303 1084 1361 vitia
1097 1301 1146 1358 iur-

266 1404 325 1462 rint
335 1405 366 1463 in
379 1402 400 1436 ¹⁹
411 1403 499 1461 unico
513 1402 582 1470 lilio,
593 1420 680 1477 quare
694 1402 720 1459 is
734 1397 808 1476 putri
821 1397 1010 1472 displiceret.
1043 1403 1146 1475 Αἱρεθ-

265 1503 396 1574 spicuum
419 1508 474 1569 est,
494 1504 603 1559 nullum
625 1500 724 1557 luisse.
766 1498 853 1555 Pater
865 1494 960 1571 igitur
975 1517 1091 1565 umens,
1103 1495 1145 1573 qni

265 1599 374 1655 odisset
394 1617 459 1655 eum
474 1599 537 1655 sine
556 1616 653 1665 causa,
667 1615 751 1671 quem
766 1600 941 1669 procrearat.
991 1598 1038 1654 At
1055 1598 1081 1655 in
1094 1593 1146 1671 qul·
1161 1611 1168 1630 '

265 1697 331 1755 dem
355 1694 410 1753 suit
433 1696 562 1753 omnium
581 1695 843 1753 cunctantissimus.
883 1693 968 1769 Ergo
990 1695 1067 1753 illud
1086 1695 1144 1769 jun

266 1794 448 1869 perspicuum
462 1796 590 1868 proiecto
610 1799 663 1862 est,
678 1795 703 1851 ri
718 1811 811 1867 neque
825 1808 927 1849 umens
941 1799 1042 1865 pater,
1056 1809 1144 1869 nequo

266 1894 391 1970 perditus
413 1895 489 1953 lilius
503 1894 603 1963 luerit3
626 1911 720 1967 neque
734 1891 794 1948 odii
807 1908 927 1948 causam
947 1894 1040 1964 patri,
1053 1907 1143 1968 neque

216 1982 254 2039 ¹5
266 1995 383 2052 sceleris
392 1995 453 2051 tilio
462 1994 558 2051 luisse.
585 1993 705 2060 Nescio,
715 1990 817 2065 inquit,
828 2007 901 2064 quae
911 2008 1005 2048 causa
1017 1993 1080 2051 odii
1090 1991 1143 2050 fue·

267 2092 303 2146 rlt
318 2112 324 2145 :
338 2092 425 2147 luisse
439 2094 537 2148 odium
547 2092 696 2163 intelligo:
718 2088 785 2163 quia
799 2092 1144 2154 antea,oum‹1uosfilior

267 2188 395 2252 haberet,
409 2188 490 2243 illum
511 2189 697 2261 alterumqui
718 2193 844 2244 mortuus
866 2192 920 2253 est,
939 2206 1045 2248 secum
1068 2189 1144 2249 omni

267 2289 395 2356 tempore
408 2286 525 2342 volebat
534 2304 606 2353 esse,
617 2287 694 2344 hunc
706 2286 736 2343 in
746 2285 864 2359 praedia
873 2286 981 2344 rustico
993 2291 1144 2365 relegarat.

269 2385 352 2456 Quod
368 2385 476 2442 Erucio
491 2386 641 2443 accidebat
656 2387 687 2442 in
703 2388 778 2444 mala
802 2385 1015 2460 nugatoriaque
1030 2406 1145 2448 nocuu-

267 2484 357 2552 tioue‚
376 2486 452 2542 idem
477 2486 548 2541 mihi
571 2504 621 2541 usu
644 2486 726 2543 venit
750 2486 781 2542 in
806 2501 893 2540 causa
913 2486 1038 2557 optima.
1084 2490 1144 2554 Ille.

268 2587 409 2657 quomodo
423 2586 532 2639 crimen
558 2585 793 2640 commenticium
818 2584 1016 2652 confirmaret,
1031 2604 1093 2643 non
1107 2586 1146 2643 in·

269 2680 404 2736 veniebat
418 2701 424 2733 :
447 2698 501 2753 ego
515 2699 560 2736 res
575 2686 634 2738 tam
657 2684 738 2737 leves
752 2699 807 2754 qua
822 2681 934 2736 ratione
948 2681 1101 2742 infirmem
1114 2698 1145 2741 ac

268 2777 384 2844 diluam,
399 2779 522 2851 reperire
549 2797 607 2836 uon
632 2798 755 2853 possum.
799 2779 877 2850 Quid
899 2778 952 2844 ais,
966 2779 1089 2840 Eruci?
1108 2774 1147 2841 lul

268 2878 394 2950 praedia,
410 2885 468 2934 tum
484 2880 592 2950 pulcra,
607 2884 665 2933 tum
686 2878 828 2932 fructuoso
853 2878 923 2932 Sex.
944 2878 1076 2939 Roscius
1091 2880 1147 2941 lilio

269 2993 328 3039 nuo
339 2977 525 3049 relegationis
541 2992 575 3030 uc
591 2974 726 3046 supplicii
737 2974 837 3045 gratio,
850 2978 972 3033 colenda
987 2998 1025 3038 no
1041 2982 1146 3039 tuende

269 3071 449 3129 tradiderat?
470 3072 547 3142 Quid
562 3070 642 3129 hoc?
663 3074 901 3139 Patreslrrmilias,
916 3074 965 3147 qui
977 3077 1091 3137 lilreroc
1103 3082 1146 3136 hn-

268 3170 349 3235 bent,
364 3169 531 3242 praesertim
546 3171 679 3226 homines
694 3172 771 3228 illius
786 3171 905 3239 ordinis,
922 3189 960 3227 en
976 3176 1146 3251 municipiis

268 3268 432 3335 rusticanis,
454 3286 550 3325 norme
564 3269 779 3341 optatissimum
793 3270 849 3325 sili
863 3274 1061 3341 puteolense,
1077 3276 1146 3334 filiu

268 3383 333 3424 suos
350 3367 391 3423 rei
399 3368 533 3424 familiari
544 3367 670 3425 maxime
685 3369 803 3435 servire,
818 3376 846 3423 et
861 3368 891 3424 in
906 3372 1038 3441 praediis
1049 3378 1146 3433 colen·

268 3467 312 3525 dis
321 3484 425 3539 operae
434 3467 582 3538 plurimum
592 3467 736 3542 studiique
745 3466 934 3525 consumere?
947 3471 999 3527 An
1010 3476 1145 3532 amande·

268 3574 313 3625 rat
326 3569 403 3624 hunc
418 3563 470 3630 sic,
482 3568 512 3619 ut
526 3572 602 3622 esset
615 3566 647 3622 in
661 3584 739 3640 agro,
753 3584 788 3625 ac
802 3568 1006 3626 tantummodo
1021 3566 1145 3630 aleretur

298 3721 322 3752 ²⁹
336 3718 524 3824 um⁰fi³i⁰ff⁰
533 3732 585 3773 uno,
595 3722 621 3764 ut.
630 3726 665 3765 est
672 3719 740 3766 etiam
749 3720 815 3767 Verr.
827 3722 844 3776 l,
855 3724 891 3768 ll.
902 3735 955 3767 unm
963 3723 1050 3772 minu
1059 3725 1147 3773 hicnon

270 3782 409 3839 potestesse,
420 3783 445 3824 ut
496 3776 570 3822 mbino
579 3776 657 3831 visum,
672 3777 696 3823 in
706 3793 768 3824 reum
783 3779 872 3836 usitato,
883 3780 992 3838 egregius,
1004 3784 1149 3843 mriscim

270 3836 533 3907 nonninuntorquentia..
546 3836 603 3905 'Sed
613 3835 726 3905 interdum
743 3838 825 3886 unicus
843 3843 868 3884 et
885 3850 947 3885 uitur
962 3840 1148 3907 eumarum

271 3898 359 3941 mutata
364 3901 422 3955 uuit,
432 3911 472 3959 per
480 3898 588 3944 moeltlam
598 3893 723 3942 nunnus.
