2700 4675
441 590 506 643 mo
520 593 549 648 Q
565 590 680 643 Roscio
693 589 861 643 COMOEDO.
1039 594 1100 655 113

221 741 344 801 tubulos
358 741 586 799 condemnantur
599 742 670 816 ejus,
681 740 730 815 qui
745 756 846 796 verum
858 756 918 796 uon
927 736 1042 807 retulit,
1063 740 1094 793 el

226 838 304 911 eiius,
320 838 370 913 qui
388 838 493 895 laisum
505 837 681 911 perscripsit.
722 837 852 909 Sedego
866 834 952 910 eopia
965 839 996 893 et
1013 835 1103 893 lucul-
1185 897 1191 918 Ι

226 940 291 994 tute
305 954 411 994 osusae
420 937 558 1004 >confisus
569 936 639 994 vide
652 952 709 1010 quo
723 935 897 1010 progredior.
939 934 973 991 Si
986 935 1100 990 tubulos

227 1033 268 1092 θ.
283 1034 416 1091 Fannius
436 1033 550 1107 accepti
571 1038 601 1091 et
614 1034 735 1107 expensi
754 1032 861 1107 profert
879 1049 953 1101 suos,
967 1032 999 1089 iu
1013 1048 1097 1088 susm

229 1149 303 1199 rem,
311 1149 363 1189 suo
374 1132 510 1190 arbitratu
518 1132 656 1207 scriptus:
676 1150 733 1208 quo
743 1132 838 1189 minus
848 1132 1008 1189 seeundum
1019 1130 1102 1188 illum

221 1228 375 1305 judicetis,
397 1249 454 1289 non
477 1249 585 1289 recuso.
637 1230 711 1304 Quis
734 1232 790 1288 hoo
813 1230 901 1287 frater
926 1230 1015 1299 lretri,
1037 1227 1101 1305 quis

225 1346 335 1405 pireus
345 1329 404 1387 filio
417 1330 526 1398 tribuit,
536 1335 577 1398 ut,
588 1330 788 1404 quodcumque
801 1328 956 1395 retulisset,
969 1328 1001 1383 id
1009 1333 1102 1384 retum

225 1427 368 1490 moeret?
399 1436 492 1488 ratum
516 1430 637 1486 habebit
660 1429 795 1486 Roscius.
824 1426 926 1501 proles.
951 1428 1028 1501 quod
1049 1426 1104 1484 tibi

225 1528 315 1596 luerit
327 1545 503 1604 persuasum,
516 1526 584 1584 huie
597 1526 653 1584 erit
665 1543 848 1600 persuasum:
869 1526 945 1601 quod
955 1525 1009 1583 tibi
1018 1512 1103 1583 luerit

221 1629 383 1703 probatum,
397 1627 466 1685 huie
477 1626 533 1684 erit
545 1628 704 1700 probatum.
751 1626 856 1683 Paullo
873 1622 963 1700 {ente
977 1624 1020 1683 M.
1033 1626 1102 1683 Per·

221 1744 343 1803 peroso,
357 1726 391 1784 P.
407 1724 516 1784 Seturii
529 1727 641 1783 tabulas
656 1726 861 1799 poscebamus:
882 1742 961 1782 nuno
974 1729 1048 1793 tuas,
1062 1724 1099 1785 C.

225 1823 328 1883 Fanni
343 1823 485 1893 Chaerea,
496 1821 586 1882 solius
593 1824 765 1898 flagitemus,
776 1828 816 1891 et,
827 1841 883 1899 quo
892 1823 989 1883 minus
999 1840 1101 1880 seeun-

226 1922 297 1979 dum
312 1939 362 1978 ess
375 1907 519 1988 lis'detur,
532 1939 591 1978 uon
603 1938 778 1977 recusamus.
820 1920 898 1993 Quid
912 1919 955 1977 ito
967 1938 1027 1977 non
1040 1938 1103 1994 pro-

226 2015 312 2076 fers?
343 2019 412 2076 Non
437 2017 559 2076 conficit
584 2014 719 2074 tabulas?
749 2018 844 2075 immo
869 2015 1102 2091 diligentissime.

229 2114 302 2175 Nou
317 2115 403 2173 relert
423 2132 514 2190 parvo
534 2114 653 2173 uomina
674 2114 706 2173 in
728 2112 870 2175 codices?
891 2116 986 2173 Immo
999 2110 1113 2176 omnes

224 2231 365 2273 summes.
407 2215 491 2273 Leve
512 2218 543 2273 et
560 2220 648 2273 tenue
662 2215 719 2273 hoe
738 2211 867 2274 nomen?
898 2215 962 2274 ils
978 2232 1100 2280 cosmoe

229 2318 307 2374 suut.
322 2313 465 2395 quoprodo
474 2313 528 2374 tibi
537 2317 618 2373 tonte
628 2314 753 2388 pecunie
761 2310 990 2376 ammonaria
996 2313 1101 2394 jeoeti

220 2414 370 2489 quomodo
389 2412 590 2470 H·Socc1seo
611 2413 643 2470 in
663 2413 768 2473 codiee
789 2413 906 2486 accepti
927 2417 959 2470 et
979 2409 1102 2486 expensi

227 2527 290 2570 non
304 2506 391 2567 sunt?
422 2510 500 2566 Proir
513 2509 555 2566 dii
576 2509 771 2568 immortales:
803 2526 908 2566 essene
928 2526 1103 2586 quemquem

227 2611 314 2664 toute
327 2605 451 2663 sudsois
471 2605 642 2678 praeditum,
655 2605 714 2682 qui,
727 2607 803 2682 quod
824 2623 931 2667 nomeu
952 2608 1057 2667 referre
1070 2607 1102 2673 iu

229 2705 348 2762 tabulas
368 2702 480 2772 timeat,
499 2703 530 2759 id
552 2707 650 2777 petere
673 2702 801 2763 audeat?
820 2707 895 2781 quod
916 2705 949 2765 iu
965 2707 1103 2771 oodieem.
1213 2729 1218 2736 ’

226 2802 371 2875 injuratos
385 2801 490 2859 reterre
503 2799 604 2870 uoluit,
616 2801 645 2859 id
652 2803 750 2876 jurare
761 2803 793 2863 in
802 2804 886 2862 litem
896 2822 955 2863 uon
962 2803 1100 2868 dubitet?

231 2901 319 2973 Quod
341 2900 398 2958 sibi
420 2902 540 2974 probare
564 2918 623 2960 non
645 2901 745 2975 possit,
766 2901 797 2959 id
818 2904 989 2977 persuadere
1016 2905 1101 2964 alteri

223 3005 350 3058 sonetur
361 2997 525 3083 lfNimiurn
539 2998 609 3067 eito,
620 2998 671 3068 ait,
683 3017 730 3058 me
748 2997 915 3074 ‘indignari
928 3002 966 3059 de
979 3003 1131 3082 tobullstp
1147 3003 1150 3006 ”

226 3114 288 3155 nou
301 3099 410 3161 habere
424 3117 456 3155 se
471 3099 527 3156 hoo
538 3097 686 3155 nemenio
697 3098 800 3169 codiee
811 3099 966 3173 sooeptiet
977 3102 1099 3175 expensi

225 3197 351 3253 relatum
364 3197 534 3254 confitetur:
555 3196 656 3253 sedin
675 3196 848 3254 adversariis
867 3202 965 3270 potere
978 3206 1100 3260 eonten-

223 3291 281 3349 dit
320 3293 421 3367 Usque
434 3311 508 3352 eone
523 3298 552 3350 te
562 3293 670 3368 diligis,
684 3298 715 3351 et
724 3295 879 3368 magnifiee
889 3296 1099 3380 circumspicis,

253 3462 270 3498 ³
283 3463 334 3509 ants
344 3463 377 3510 ill.
393 3463 557 3522 Pomm,
574 3465 608 3527 dl
637 3466 679 3513 ilie
692 3465 752 3515 bene
766 3467 841 3514 euris
854 3468 963 3517 Graevius
976 3486 1019 3532 pro
1033 3488 1047 3518 s
1062 3472 1097 3519 Id.
1111 3473 1115 3480 '

223 3523 354 3579 Pusam.
385 3522 422 3569 Sic
430 3525 481 3571 odd.
493 3524 561 3574 Rom.
573 3523 610 3570 Br.
620 3525 687 3572 Med.
700 3525 762 3572 ¹lsrnt.
773 3526 815 3572 uisi
823 3529 883 3587 quod
893 3529 1024 3585 Perpennus
1033 3531 1099 3579 solite

220 3595 303 3630 errore
313 3580 401 3628 hebent
433 3582 460 3629 ld
473 3582 566 3644 requirit
574 3582 643 3628 eoam
652 3597 756 3646 sequeus:
769 3599 834 3632 utere
843 3590 893 3633 suas
902 3588 929 3633 0.
941 3587 969 3633 ll'.
981 3588 1008 3632 0,
1021 3587 1097 3635 sotus

254 3660 266 3693 ⁴
279 3659 419 3765 ἰπάίςτνιήὲ
451 3659 488 3729 Sic
506 3660 589 3730 prinus
599 3660 671 3730 dldus
680 3661 757 3709 edidit
771 3668 844 3710 recte.
851 3667 913 3733 ‘aute
925 3664 1036 3720 indagare
1046 3663 1098 3734 eds

221 3721 298 3768 baur.
331 3718 390 3765 lllud
423 3733 510 3766 raevrus
518 3724 587 3766 mem
602 3733 624 3765 ur
634 3717 682 3768 Ms.
694 3720 774 3768 Fraus.
785 3730 875 3784 repent.
908 3721 989 3768 Paullo
1003 3725 1057 3766 aute
1071 3736 1099 3771 m

218 3777 414 3901 mium
418 3777 496 3882 plures
506 3792 548 3826 ser.
554 3781 582 3832 st
588 3775 640 3830 edd
669 3777 777 3854 l’luoebet
784 3781 938 3830 Hoomno.
953 3791 1032 3839 nempe
1039 3779 1098 3830 snti-

264 3952 394 3996 sousv.
713 3933 778 3996 12*
