<?xml version="1.0" encoding="UTF-8"?>
<!DOCTYPE html PUBLIC "-//W3C//DTD XHTML 1.0 Transitional//EN"
    "http://www.w3.org/TR/xhtml1/DTD/xhtml1-transitional.dtd">
<html xmlns="http://www.w3.org/1999/xhtml" xml:lang="en" lang="en">
 <head>
  <title>
</title>
<meta http-equiv="Content-Type" content="text/html;charset=utf-8" />
  <meta name='ocr-system' content='tesseract 3.04.00' />
  <meta name='ocr-capabilities' content='ocr_page ocr_carea ocr_par ocr_line ocrx_word'/>
</head>
<body>
  <div class='ocr_page' id='page_1' title='image "./mtvlliiciceroni04cicegoog_0116.png"; bbox 0 0 2700 4675; ppageno 0'>
   <div class='ocr_carea' id='block_1_1' title="bbox 268 523 768 594">
    <p class='ocr_par' dir='ltr' id='par_1_1' title="bbox 268 523 768 594">
     <span class='ocr_line' id='line_1_1' title="bbox 268 523 768 594; baseline -0.002 -17"><span class='ocrx_word' id='word_1_1' title='bbox 268 535 311 594; x_wconf 62' lang='grc' dir='ltr'><em>η</em></span> <span class='ocrx_word' id='word_1_2' title='bbox 642 523 768 577; x_wconf 75' lang='grc' dir='ltr'><strong>οΙῑΔΤΙο</strong></span> 
     </span>
    </p>
   </div>
   <div class='ocr_carea' id='block_1_2' title="bbox 218 673 1150 3204">
    <p class='ocr_par' dir='ltr' id='par_1_2' title="bbox 218 673 1150 3204">
     <span class='ocr_line' id='line_1_2' title="bbox 267 673 1147 750; baseline -0.003 -15"><span class='ocrx_word' id='word_1_3' title='bbox 267 676 454 735; x_wconf 83' lang='lat' dir='ltr'>severitatem</span> <span class='ocrx_word' id='word_1_4' title='bbox 468 676 630 735; x_wconf 84' lang='lat' dir='ltr'>videbatur.</span> <span class='ocrx_word' id='word_1_5' title='bbox 673 675 746 748; x_wconf 76' lang='lat' dir='ltr'>Ego,</span> <span class='ocrx_word' id='word_1_6' title='bbox 757 689 906 748; x_wconf 75' lang='lat' dir='ltr'>quamque</span> <span class='ocrx_word' id='word_1_7' title='bbox 915 691 949 733; x_wconf 88' lang='lat' dir='ltr'>m</span> <span class='ocrx_word' id='word_1_8' title='bbox 961 673 1083 750; x_wconf 73' lang='lat' dir='ltr'>praeest</span> <span class='ocrx_word' id='word_1_9' title='bbox 1095 673 1147 732; x_wconf 76' lang='lat' dir='ltr'>su·</span> 
     </span>
     <span class='ocr_line' id='line_1_3' title="bbox 266 771 1142 851; baseline -0.006 -18"><span class='ocrx_word' id='word_1_10' title='bbox 266 776 430 851; x_wconf 84' lang='lat' dir='ltr'>quaestioni</span> <span class='ocrx_word' id='word_1_11' title='bbox 457 776 513 844; x_wconf 79' lang='lat' dir='ltr'>vir,</span> <span class='ocrx_word' id='word_1_12' title='bbox 539 781 569 832; x_wconf 91' lang='lat' dir='ltr'>et</span> <span class='ocrx_word' id='word_1_13' title='bbox 596 778 698 832; x_wconf 80' lang='lat' dir='ltr'>contro</span> <span class='ocrx_word' id='word_1_14' title='bbox 727 771 883 829; x_wconf 79' lang='lat' dir='ltr'>eudociam</span> <span class='ocrx_word' id='word_1_15' title='bbox 915 771 1142 842; x_wconf 70' lang='lat' dir='ltr'>senissimuset</span> 
     </span>
     <span class='ocr_line' id='line_1_4' title="bbox 267 870 1144 945; baseline -0.002 -13"><span class='ocrx_word' id='word_1_16' title='bbox 267 871 288 907; x_wconf 79' lang='lat'>⁸</span> <span class='ocrx_word' id='word_1_17' title='bbox 297 877 335 932; x_wconf 86' lang='lat' dir='ltr'>ab</span> <span class='ocrx_word' id='word_1_18' title='bbox 344 874 514 932; x_wconf 83' lang='lat' dir='ltr'>innocentie</span> <span class='ocrx_word' id='word_1_19' title='bbox 527 870 791 930; x_wconf 86' lang='lat' dir='ltr'>clementissimus:</span> <span class='ocrx_word' id='word_1_20' title='bbox 812 873 925 928; x_wconf 89' lang='lat' dir='ltr'>tamen·</span> <span class='ocrx_word' id='word_1_21' title='bbox 939 872 1038 930; x_wconf 74' lang='lat' dir='ltr'>facile</span> <span class='ocrx_word' id='word_1_22' title='bbox 1052 889 1097 930; x_wconf 88' lang='lat' dir='ltr'>me</span> <span class='ocrx_word' id='word_1_23' title='bbox 1107 886 1144 945; x_wconf 72' lang='lat' dir='ltr'>pe</span> 
     </span>
     <span class='ocr_line' id='line_1_5' title="bbox 268 967 1143 1044; baseline -0.002 -14"><span class='ocrx_word' id='word_1_24' title='bbox 268 977 352 1038; x_wconf 84' lang='lat' dir='ltr'>teror,</span> <span class='ocrx_word' id='word_1_25' title='bbox 363 974 412 1028; x_wconf 90' lang='lat' dir='ltr'>vel</span> <span class='ocrx_word' id='word_1_26' title='bbox 426 972 477 1027; x_wconf 88' lang='lat' dir='ltr'>itto</span> <span class='ocrx_word' id='word_1_27' title='bbox 491 970 554 1042; x_wconf 85' lang='lat' dir='ltr'>ipso</span> <span class='ocrx_word' id='word_1_28' title='bbox 567 967 814 1041; x_wconf 83' lang='lat' dir='ltr'>acerrimojudioe</span> <span class='ocrx_word' id='word_1_29' title='bbox 822 975 1004 1042; x_wconf 76' lang='lat' dir='ltr'>quaerente,</span> <span class='ocrx_word' id='word_1_30' title='bbox 1017 973 1068 1028; x_wconf 85' lang='lat' dir='ltr'>ret</span> <span class='ocrx_word' id='word_1_31' title='bbox 1081 968 1143 1044; x_wconf 79' lang='lat' dir='ltr'>apud</span> 
     </span>
     <span class='ocr_line' id='line_1_6' title="bbox 269 1066 1142 1143; baseline 0 -16"><span class='ocrx_word' id='word_1_32' title='bbox 269 1068 425 1128; x_wconf 74' lang='lat' dir='ltr'>cessiones</span> <span class='ocrx_word' id='word_1_33' title='bbox 443 1067 568 1141; x_wconf 86' lang='lat' dir='ltr'>judices,</span> <span class='ocrx_word' id='word_1_34' title='bbox 582 1084 701 1141; x_wconf 90' lang='lat' dir='ltr'>quorum</span> <span class='ocrx_word' id='word_1_35' title='bbox 715 1066 806 1124; x_wconf 82' lang='lat' dir='ltr'>etiem</span> <span class='ocrx_word' id='word_1_36' title='bbox 819 1082 902 1123; x_wconf 83' lang='lat' dir='ltr'>nuno</span> <span class='ocrx_word' id='word_1_37' title='bbox 919 1066 954 1136; x_wconf 86' lang='lat' dir='ltr'>ii,</span> <span class='ocrx_word' id='word_1_38' title='bbox 969 1068 1078 1143; x_wconf 86' lang='lat' dir='ltr'>quibus</span> <span class='ocrx_word' id='word_1_39' title='bbox 1091 1083 1142 1126; x_wconf 78' lang='lat' dir='ltr'>sat·</span> 
     </span>
     <span class='ocr_line' id='line_1_7' title="bbox 269 1162 1141 1241; baseline 0.001 -18"><span class='ocrx_word' id='word_1_40' title='bbox 269 1165 439 1224; x_wconf 82' lang='lat' dir='ltr'>sediceudu</span> <span class='ocrx_word' id='word_1_41' title='bbox 462 1168 515 1232; x_wconf 80' lang='lat' dir='ltr'>est,</span> <span class='ocrx_word' id='word_1_42' title='bbox 537 1182 642 1222; x_wconf 90' lang='lat' dir='ltr'>nomen</span> <span class='ocrx_word' id='word_1_43' title='bbox 665 1165 760 1237; x_wconf 86' lang='lat' dir='ltr'>ipsum</span> <span class='ocrx_word' id='word_1_44' title='bbox 780 1162 987 1233; x_wconf 77' lang='lat' dir='ltr'>retomaidant,</span> <span class='ocrx_word' id='word_1_45' title='bbox 1015 1185 1071 1241; x_wconf 86' lang='lat' dir='ltr'>pro</span> <span class='ocrx_word' id='word_1_46' title='bbox 1084 1167 1141 1224; x_wconf 74' lang='lat' dir='ltr'>Sex·</span> 
     </span>
     <span class='ocr_line' id='line_1_8' title="bbox 218 1258 1141 1327; baseline 0.007 -11"><span class='ocrx_word' id='word_1_47' title='bbox 218 1258 255 1317; x_wconf 82' lang='lat'>31</span> <span class='ocrx_word' id='word_1_48' title='bbox 271 1264 378 1322; x_wconf 84' lang='lat' dir='ltr'>Roscio</span> <span class='ocrx_word' id='word_1_49' title='bbox 401 1263 508 1322; x_wconf 80' lang='lat' dir='ltr'>dicere.</span> <span class='ocrx_word' id='word_1_50' title='bbox 549 1264 586 1320; x_wconf 89' lang='lat' dir='ltr'>lu</span> <span class='ocrx_word' id='word_1_51' title='bbox 613 1264 669 1320; x_wconf 85' lang='lat' dir='ltr'>hae</span> <span class='ocrx_word' id='word_1_52' title='bbox 694 1262 773 1320; x_wconf 91' lang='lat' dir='ltr'>enim</span> <span class='ocrx_word' id='word_1_53' title='bbox 796 1277 885 1319; x_wconf 86' lang='lat' dir='ltr'>causa</span> <span class='ocrx_word' id='word_1_54' title='bbox 912 1279 987 1320; x_wconf 88' lang='lat' dir='ltr'>oum</span> <span class='ocrx_word' id='word_1_55' title='bbox 1009 1265 1141 1327; x_wconf 83' lang='lat' dir='ltr'>viderent</span> 
     </span>
     <span class='ocr_line' id='line_1_9' title="bbox 269 1358 1143 1439; baseline -0.001 -18"><span class='ocrx_word' id='word_1_56' title='bbox 269 1362 552 1439; x_wconf 82' lang='lat' dir='ltr'>ittosemplissimem</span> <span class='ocrx_word' id='word_1_57' title='bbox 571 1361 726 1436; x_wconf 85' lang='lat' dir='ltr'>pecuniam</span> <span class='ocrx_word' id='word_1_58' title='bbox 749 1358 909 1433; x_wconf 86' lang='lat' dir='ltr'>possidere,</span> <span class='ocrx_word' id='word_1_59' title='bbox 925 1362 1013 1420; x_wconf 88' lang='lat' dir='ltr'>hune</span> <span class='ocrx_word' id='word_1_60' title='bbox 1036 1362 1068 1421; x_wconf 91' lang='lat' dir='ltr'>in</span> <span class='ocrx_word' id='word_1_61' title='bbox 1082 1375 1143 1420; x_wconf 80' lang='lat' dir='ltr'>sun·</span> 
     </span>
     <span class='ocr_line' id='line_1_10' title="bbox 271 1456 1142 1535; baseline -0.006 -15"><span class='ocrx_word' id='word_1_62' title='bbox 271 1480 318 1520; x_wconf 82' lang='lat' dir='ltr'>ma</span> <span class='ocrx_word' id='word_1_63' title='bbox 342 1462 531 1520; x_wconf 82' lang='lat' dir='ltr'>mendicitate</span> <span class='ocrx_word' id='word_1_64' title='bbox 555 1478 636 1529; x_wconf 80' lang='lat' dir='ltr'>esse3</span> <span class='ocrx_word' id='word_1_65' title='bbox 656 1459 729 1516; x_wconf 92' lang='lat' dir='ltr'>itlud</span> <span class='ocrx_word' id='word_1_66' title='bbox 742 1456 857 1532; x_wconf 88' lang='lat' dir='ltr'>quidem</span> <span class='ocrx_word' id='word_1_67' title='bbox 881 1475 948 1516; x_wconf 93' lang='lat' dir='ltr'>non</span> <span class='ocrx_word' id='word_1_68' title='bbox 969 1461 1142 1535; x_wconf 72' lang='lat' dir='ltr'>quaerereat⁴</span> 
     </span>
     <span class='ocr_line' id='line_1_11' title="bbox 270 1555 1144 1630; baseline -0.001 -12"><span class='ocrx_word' id='word_1_69' title='bbox 270 1561 319 1618; x_wconf 90' lang='lat' dir='ltr'>oui</span> <span class='ocrx_word' id='word_1_70' title='bbox 340 1562 417 1617; x_wconf 90' lang='lat' dir='ltr'>bono</span> <span class='ocrx_word' id='word_1_71' title='bbox 439 1559 549 1626; x_wconf 80' lang='lat' dir='ltr'>fuisset,</span> <span class='ocrx_word' id='word_1_72' title='bbox 570 1558 591 1590; x_wconf 77' lang='lat'>⁵⁶</span> <span class='ocrx_word' id='word_1_73' title='bbox 602 1561 653 1615; x_wconf 91' lang='lat' dir='ltr'>sed</span> <span class='ocrx_word' id='word_1_74' title='bbox 669 1575 706 1615; x_wconf 87' lang='lat' dir='ltr'>eo</span> <span class='ocrx_word' id='word_1_75' title='bbox 721 1555 903 1630; x_wconf 80' lang='lat' dir='ltr'>perspicuum</span> <span class='ocrx_word' id='word_1_76' title='bbox 918 1557 1043 1617; x_wconf 81' lang='lat' dir='ltr'>crimen</span> <span class='ocrx_word' id='word_1_77' title='bbox 1056 1563 1086 1617; x_wconf 90' lang='lat' dir='ltr'>et</span> <span class='ocrx_word' id='word_1_78' title='bbox 1097 1571 1144 1616; x_wconf 73' lang='lat' dir='ltr'>n·</span> 
     </span>
     <span class='ocr_line' id='line_1_12' title="bbox 270 1653 1145 1732; baseline 0.001 -20"><span class='ocrx_word' id='word_1_79' title='bbox 270 1656 417 1731; x_wconf 85' lang='lat' dir='ltr'>piciouem</span> <span class='ocrx_word' id='word_1_80' title='bbox 441 1656 536 1729; x_wconf 88' lang='lat' dir='ltr'>potius</span> <span class='ocrx_word' id='word_1_81' title='bbox 558 1658 594 1713; x_wconf 84' lang='lat' dir='ltr'>ad</span> <span class='ocrx_word' id='word_1_82' title='bbox 616 1658 754 1730; x_wconf 83' lang='lat' dir='ltr'>praedem</span> <span class='ocrx_word' id='word_1_83' title='bbox 774 1653 983 1729; x_wconf 79' lang='lat' dir='ltr'>adjungerent,</span> <span class='ocrx_word' id='word_1_84' title='bbox 1006 1673 1096 1732; x_wconf 57' lang='lat' dir='ltr'>mam</span> <span class='ocrx_word' id='word_1_85' title='bbox 1114 1653 1145 1713; x_wconf 78' lang='lat' dir='ltr'>sd</span> 
     </span>
     <span class='ocr_line' id='line_1_13' title="bbox 271 1752 1145 1828; baseline 0.001 -16"><span class='ocrx_word' id='word_1_86' title='bbox 271 1758 439 1828; x_wconf 78' lang='lat' dir='ltr'>egestatem.</span> <span class='ocrx_word' id='word_1_87' title='bbox 481 1752 558 1828; x_wconf 79' lang='lat' dir='ltr'>Quid</span> <span class='ocrx_word' id='word_1_88' title='bbox 572 1754 597 1811; x_wconf 88' lang='lat' dir='ltr'>si</span> <span class='ocrx_word' id='word_1_89' title='bbox 611 1755 726 1812; x_wconf 85' lang='lat' dir='ltr'>accedit</span> <span class='ocrx_word' id='word_1_90' title='bbox 746 1753 858 1820; x_wconf 90' lang='lat' dir='ltr'>eodem,</span> <span class='ocrx_word' id='word_1_91' title='bbox 882 1757 916 1809; x_wconf 85' lang='lat' dir='ltr'>ut</span> <span class='ocrx_word' id='word_1_92' title='bbox 939 1755 1045 1813; x_wconf 88' lang='lat' dir='ltr'>tennis</span> <span class='ocrx_word' id='word_1_93' title='bbox 1068 1757 1145 1813; x_wconf 78' lang='lat' dir='ltr'>anton</span> 
     </span>
     <span class='ocr_line' id='line_1_14' title="bbox 270 1849 1147 1929; baseline 0 -17"><span class='ocrx_word' id='word_1_94' title='bbox 270 1853 356 1912; x_wconf 75' lang='lat' dir='ltr'>tueris</span> <span class='ocrx_word' id='word_1_95' title='bbox 371 1850 384 1911; x_wconf 73' lang='lat' dir='ltr'>t</span> <span class='ocrx_word' id='word_1_96' title='bbox 402 1854 469 1929; x_wconf 85' lang='lat' dir='ltr'>quid</span> <span class='ocrx_word' id='word_1_97' title='bbox 483 1853 517 1921; x_wconf 85' lang='lat' dir='ltr'>si,</span> <span class='ocrx_word' id='word_1_98' title='bbox 527 1858 559 1910; x_wconf 90' lang='lat' dir='ltr'>ut</span> <span class='ocrx_word' id='word_1_99' title='bbox 569 1849 695 1911; x_wconf 70' lang='lat' dir='ltr'>avarus?</span> <span class='ocrx_word' id='word_1_100' title='bbox 714 1851 782 1926; x_wconf 89' lang='lat' dir='ltr'>quid</span> <span class='ocrx_word' id='word_1_101' title='bbox 792 1850 826 1917; x_wconf 84' lang='lat' dir='ltr'>si,</span> <span class='ocrx_word' id='word_1_102' title='bbox 840 1853 871 1907; x_wconf 91' lang='lat' dir='ltr'>ut</span> <span class='ocrx_word' id='word_1_103' title='bbox 885 1850 990 1909; x_wconf 79' lang='lat' dir='ltr'>audax</span> <span class='ocrx_word' id='word_1_104' title='bbox 1002 1850 1016 1911; x_wconf 77' lang='lat'><em>2</em></span> <span class='ocrx_word' id='word_1_105' title='bbox 1036 1849 1147 1929; x_wconf 76' lang='lat' dir='ltr'>quidsi,</span> 
     </span>
     <span class='ocr_line' id='line_1_15' title="bbox 270 1944 1147 2029; baseline -0.001 -18"><span class='ocrx_word' id='word_1_106' title='bbox 270 1953 397 2020; x_wconf 87' lang='lat' dir='ltr'>utiliius,</span> <span class='ocrx_word' id='word_1_107' title='bbox 410 1953 458 2029; x_wconf 89' lang='lat' dir='ltr'>qui</span> <span class='ocrx_word' id='word_1_108' title='bbox 472 1952 586 2010; x_wconf 86' lang='lat' dir='ltr'>occisus</span> <span class='ocrx_word' id='word_1_109' title='bbox 595 1958 648 2020; x_wconf 85' lang='lat' dir='ltr'>est,</span> <span class='ocrx_word' id='word_1_110' title='bbox 656 1949 873 2009; x_wconf 86' lang='lat' dir='ltr'>inimicissimus</span> <span class='ocrx_word' id='word_1_111' title='bbox 886 1944 900 2005; x_wconf 71' lang='lat' dir='ltr'>i</span> <span class='ocrx_word' id='word_1_112' title='bbox 924 1966 1147 2027; x_wconf 81' lang='lat' dir='ltr'>numquaerea·</span> 
     </span>
     <span class='ocr_line' id='line_1_16' title="bbox 272 2045 1147 2126; baseline -0.001 -16"><span class='ocrx_word' id='word_1_113' title='bbox 272 2054 310 2110; x_wconf 85' lang='lat' dir='ltr'>da</span> <span class='ocrx_word' id='word_1_114' title='bbox 323 2069 420 2119; x_wconf 79' lang='lat' dir='ltr'>causa,</span> <span class='ocrx_word' id='word_1_115' title='bbox 434 2070 507 2126; x_wconf 84' lang='lat' dir='ltr'>quae</span> <span class='ocrx_word' id='word_1_116' title='bbox 522 2057 550 2108; x_wconf 91' lang='lat' dir='ltr'>te</span> <span class='ocrx_word' id='word_1_117' title='bbox 564 2053 601 2108; x_wconf 87' lang='lat' dir='ltr'>ad</span> <span class='ocrx_word' id='word_1_118' title='bbox 615 2054 727 2107; x_wconf 86' lang='lat' dir='ltr'>tantum</span> <span class='ocrx_word' id='word_1_119' title='bbox 741 2047 853 2105; x_wconf 77' lang='lat' dir='ltr'>facinus</span> <span class='ocrx_word' id='word_1_120' title='bbox 864 2046 1054 2118; x_wconf 67' lang='lat' dir='ltr'>adduxerit?</span> <span class='ocrx_word' id='word_1_121' title='bbox 1078 2045 1147 2122; x_wconf 75' lang='lat' dir='ltr'>Qud</span> 
     </span>
     <span class='ocr_line' id='line_1_17' title="bbox 272 2144 1147 2222; baseline 0.002 -18"><span class='ocrx_word' id='word_1_122' title='bbox 272 2165 340 2220; x_wconf 82' lang='lat' dir='ltr'>ergo</span> <span class='ocrx_word' id='word_1_123' title='bbox 361 2149 462 2204; x_wconf 87' lang='lat' dir='ltr'>horum</span> <span class='ocrx_word' id='word_1_124' title='bbox 486 2147 586 2220; x_wconf 85' lang='lat' dir='ltr'>negari</span> <span class='ocrx_word' id='word_1_125' title='bbox 607 2145 728 2220; x_wconf 82' lang='lat' dir='ltr'>potest?</span> <span class='ocrx_word' id='word_1_126' title='bbox 756 2144 901 2205; x_wconf 78' lang='lat' dir='ltr'>Tenuitas</span> <span class='ocrx_word' id='word_1_127' title='bbox 924 2146 1062 2206; x_wconf 81' lang='lat' dir='ltr'>hominis</span> <span class='ocrx_word' id='word_1_128' title='bbox 1083 2147 1147 2222; x_wconf 74' lang='lat' dir='ltr'>eju·</span> 
     </span>
     <span class='ocr_line' id='line_1_18' title="bbox 272 2243 1147 2320; baseline 0.005 -18"><span class='ocrx_word' id='word_1_129' title='bbox 272 2244 350 2302; x_wconf 91' lang='lat' dir='ltr'>modi</span> <span class='ocrx_word' id='word_1_130' title='bbox 375 2249 428 2310; x_wconf 89' lang='lat' dir='ltr'>est,</span> <span class='ocrx_word' id='word_1_131' title='bbox 442 2248 473 2300; x_wconf 91' lang='lat' dir='ltr'>ut</span> <span class='ocrx_word' id='word_1_132' title='bbox 497 2243 671 2302; x_wconf 84' lang='lat' dir='ltr'>dissimulari</span> <span class='ocrx_word' id='word_1_133' title='bbox 693 2263 752 2306; x_wconf 92' lang='lat' dir='ltr'>non</span> <span class='ocrx_word' id='word_1_134' title='bbox 773 2248 869 2320; x_wconf 83' lang='lat' dir='ltr'>queat,</span> <span class='ocrx_word' id='word_1_135' title='bbox 882 2248 972 2319; x_wconf 86' lang='lat' dir='ltr'>atque</span> <span class='ocrx_word' id='word_1_136' title='bbox 998 2263 1040 2306; x_wconf 84' lang='lat' dir='ltr'>eo</span> <span class='ocrx_word' id='word_1_137' title='bbox 1063 2244 1147 2320; x_wconf 70' lang='lat' dir='ltr'>magi*</span> 
     </span>
     <span class='ocr_line' id='line_1_19' title="bbox 272 2343 1150 2421; baseline -0.001 -19"><span class='ocrx_word' id='word_1_138' title='bbox 272 2346 394 2413; x_wconf 78' lang='lat' dir='ltr'>eluceat,</span> <span class='ocrx_word' id='word_1_139' title='bbox 409 2362 475 2419; x_wconf 89' lang='lat' dir='ltr'>·quo</span> <span class='ocrx_word' id='word_1_140' title='bbox 496 2344 587 2416; x_wconf 84' lang='lat' dir='ltr'>magis</span> <span class='ocrx_word' id='word_1_141' title='bbox 609 2348 780 2400; x_wconf 77' lang='lat' dir='ltr'>occultatur.</span> <span class='ocrx_word' id='word_1_142' title='bbox 822 2343 997 2402; x_wconf 70' lang='lat' dir='ltr'>Avaritiam</span> <span class='ocrx_word' id='word_1_143' title='bbox 1019 2346 1150 2421; x_wconf 69' lang='lat' dir='ltr'>praetem,</span> 
     </span>
     <span class='ocr_line' id='line_1_20' title="bbox 271 2439 1146 2521; baseline -0.007 -17"><span class='ocrx_word' id='word_1_144' title='bbox 271 2445 320 2521; x_wconf 86' lang='lat' dir='ltr'>qui</span> <span class='ocrx_word' id='word_1_145' title='bbox 334 2444 504 2504; x_wconf 84' lang='lat' dir='ltr'>societatem</span> <span class='ocrx_word' id='word_1_146' title='bbox 517 2441 623 2500; x_wconf 89' lang='lat' dir='ltr'>coieris</span> <span class='ocrx_word' id='word_1_147' title='bbox 647 2442 685 2499; x_wconf 91' lang='lat' dir='ltr'>de</span> <span class='ocrx_word' id='word_1_148' title='bbox 699 2439 853 2513; x_wconf 85' lang='lat' dir='ltr'>municipis</span> <span class='ocrx_word' id='word_1_149' title='bbox 867 2442 1056 2519; x_wconf 73' lang='lat' dir='ltr'>cognatique</span> <span class='ocrx_word' id='word_1_150' title='bbox 1070 2445 1146 2503; x_wconf 77' lang='lat' dir='ltr'>forts·</span> 
     </span>
     <span class='ocr_line' id='line_1_21' title="bbox 271 2537 1146 2618; baseline -0.002 -14"><span class='ocrx_word' id='word_1_151' title='bbox 271 2544 317 2604; x_wconf 90' lang='lat' dir='ltr'>nis</span> <span class='ocrx_word' id='word_1_152' title='bbox 336 2561 403 2602; x_wconf 90' lang='lat' dir='ltr'>cum</span> <span class='ocrx_word' id='word_1_153' title='bbox 424 2542 614 2600; x_wconf 85' lang='lat' dir='ltr'>alienissimo.</span> <span class='ocrx_word' id='word_1_154' title='bbox 656 2541 751 2613; x_wconf 77' lang='lat' dir='ltr'>Quam</span> <span class='ocrx_word' id='word_1_155' title='bbox 765 2540 804 2598; x_wconf 90' lang='lat' dir='ltr'>sis</span> <span class='ocrx_word' id='word_1_156' title='bbox 818 2539 914 2597; x_wconf 85' lang='lat' dir='ltr'>audax</span> <span class='ocrx_word' id='word_1_157' title='bbox 936 2537 987 2618; x_wconf 91' lang='lat' dir='ltr'>(ut</span> <span class='ocrx_word' id='word_1_158' title='bbox 1003 2546 1070 2604; x_wconf 87' lang='lat' dir='ltr'>atia</span> <span class='ocrx_word' id='word_1_159' title='bbox 1081 2541 1146 2603; x_wconf 79' lang='lat' dir='ltr'>oon</span> 
     </span>
     <span class='ocr_line' id='line_1_22' title="bbox 271 2639 1146 2716; baseline 0.001 -17"><span class='ocrx_word' id='word_1_160' title='bbox 271 2639 381 2716; x_wconf 84' lang='lat' dir='ltr'>viscar)</span> <span class='ocrx_word' id='word_1_161' title='bbox 395 2641 464 2697; x_wconf 89' lang='lat' dir='ltr'>hine</span> <span class='ocrx_word' id='word_1_162' title='bbox 473 2658 573 2697; x_wconf 87' lang='lat' dir='ltr'>omnes</span> <span class='ocrx_word' id='word_1_163' title='bbox 587 2639 751 2714; x_wconf 86' lang='lat' dir='ltr'>intelligere</span> <span class='ocrx_word' id='word_1_164' title='bbox 765 2642 928 2713; x_wconf 87' lang='lat' dir='ltr'>potuerunt,</span> <span class='ocrx_word' id='word_1_165' title='bbox 937 2644 1022 2714; x_wconf 85' lang='lat' dir='ltr'>quod</span> <span class='ocrx_word' id='word_1_166' title='bbox 1037 2646 1146 2702; x_wconf 74' lang='lat' dir='ltr'>ex-tota</span> 
     </span>
     <span class='ocr_line' id='line_1_23' title="bbox 272 2736 1146 2808; baseline 0.007 -12"><span class='ocrx_word' id='word_1_167' title='bbox 272 2736 423 2806; x_wconf 82' lang='lat' dir='ltr'>societate,</span> <span class='ocrx_word' id='word_1_168' title='bbox 437 2739 492 2794; x_wconf 89' lang='lat' dir='ltr'>hoo</span> <span class='ocrx_word' id='word_1_169' title='bbox 506 2743 560 2806; x_wconf 87' lang='lat' dir='ltr'>est,</span> <span class='ocrx_word' id='word_1_170' title='bbox 573 2756 612 2796; x_wconf 81' lang='lat' dir='ltr'>ex</span> <span class='ocrx_word' id='word_1_171' title='bbox 626 2743 669 2796; x_wconf 87' lang='lat' dir='ltr'>tot</span> <span class='ocrx_word' id='word_1_172' title='bbox 684 2738 804 2806; x_wconf 80' lang='lat' dir='ltr'>sicariis,</span> <span class='ocrx_word' id='word_1_173' title='bbox 813 2738 889 2794; x_wconf 87' lang='lat' dir='ltr'>solus</span> <span class='ocrx_word' id='word_1_174' title='bbox 903 2741 937 2795; x_wconf 87' lang='lat' dir='ltr'>tu</span> <span class='ocrx_word' id='word_1_175' title='bbox 951 2738 1098 2801; x_wconf 75' lang='lat' dir='ltr'>inventus</span> <span class='ocrx_word' id='word_1_176' title='bbox 1110 2756 1146 2808; x_wconf 78' lang='lat' dir='ltr'>et.</span> 
     </span>
     <span class='ocr_line' id='line_1_24' title="bbox 272 2836 1146 2913; baseline 0.003 -19"><span class='ocrx_word' id='word_1_177' title='bbox 272 2836 320 2913; x_wconf 90' lang='lat' dir='ltr'>qui</span> <span class='ocrx_word' id='word_1_178' title='bbox 337 2853 404 2895; x_wconf 90' lang='lat' dir='ltr'>eum</span> <span class='ocrx_word' id='word_1_179' title='bbox 419 2837 633 2895; x_wconf 82' lang='lat' dir='ltr'>accusatoribus</span> <span class='ocrx_word' id='word_1_180' title='bbox 656 2838 781 2904; x_wconf 78' lang='lat' dir='ltr'>sedere-s,</span> <span class='ocrx_word' id='word_1_181' title='bbox 804 2840 890 2909; x_wconf 83' lang='lat' dir='ltr'>atque</span> <span class='ocrx_word' id='word_1_182' title='bbox 918 2852 953 2893; x_wconf 82' lang='lat' dir='ltr'>os</span> <span class='ocrx_word' id='word_1_183' title='bbox 978 2842 1068 2900; x_wconf 88' lang='lat' dir='ltr'>tuum</span> <span class='ocrx_word' id='word_1_184' title='bbox 1092 2854 1146 2897; x_wconf 81' lang='lat' dir='ltr'>noa</span> 
     </span>
     <span class='ocr_line' id='line_1_25' title="bbox 271 2932 1147 3002; baseline 0.003 -9"><span class='ocrx_word' id='word_1_185' title='bbox 271 2937 358 2993; x_wconf 90' lang='lat' dir='ltr'>modo</span> <span class='ocrx_word' id='word_1_186' title='bbox 371 2937 546 3002; x_wconf 81' lang='lat' dir='ltr'>ostenderes,</span> <span class='ocrx_word' id='word_1_187' title='bbox 566 2935 617 2992; x_wconf 89' lang='lat' dir='ltr'>sed</span> <span class='ocrx_word' id='word_1_188' title='bbox 631 2934 720 2992; x_wconf 84' lang='lat' dir='ltr'>etiem</span> <span class='ocrx_word' id='word_1_189' title='bbox 734 2934 857 2991; x_wconf 82' lang='lat' dir='ltr'>offerres.</span> <span class='ocrx_word' id='word_1_190' title='bbox 898 2932 1086 2996; x_wconf 82' lang='lat' dir='ltr'>Inimicitias</span> <span class='ocrx_word' id='word_1_191' title='bbox 1099 2932 1147 2995; x_wconf 76' lang='lat' dir='ltr'>dd</span> 
     </span>
     <span class='ocr_line' id='line_1_26' title="bbox 270 3030 1146 3106; baseline 0.003 -17"><span class='ocrx_word' id='word_1_192' title='bbox 270 3031 357 3089; x_wconf 78' lang='lat' dir='ltr'>tuisse</span> <span class='ocrx_word' id='word_1_193' title='bbox 371 3047 439 3088; x_wconf 89' lang='lat' dir='ltr'>cum</span> <span class='ocrx_word' id='word_1_194' title='bbox 453 3032 523 3087; x_wconf 85' lang='lat' dir='ltr'>Sex.</span> <span class='ocrx_word' id='word_1_195' title='bbox 538 3031 655 3093; x_wconf 83' lang='lat' dir='ltr'>Roscio,</span> <span class='ocrx_word' id='word_1_196' title='bbox 670 3037 701 3089; x_wconf 88' lang='lat' dir='ltr'>et</span> <span class='ocrx_word' id='word_1_197' title='bbox 721 3048 839 3106; x_wconf 83' lang='lat' dir='ltr'>magnas</span> <span class='ocrx_word' id='word_1_198' title='bbox 853 3030 895 3086; x_wconf 87' lang='lat' dir='ltr'>rei</span> <span class='ocrx_word' id='word_1_199' title='bbox 908 3030 1071 3095; x_wconf 76' lang='lat' dir='ltr'>familiaris</span> <span class='ocrx_word' id='word_1_200' title='bbox 1084 3050 1146 3094; x_wconf 87' lang='lat' dir='ltr'>eon·</span> 
     </span>
     <span class='ocr_line' id='line_1_27' title="bbox 271 3126 1145 3204; baseline 0.005 -17"><span class='ocrx_word' id='word_1_201' title='bbox 271 3126 436 3194; x_wconf 85' lang='lat' dir='ltr'>troversias,</span> <span class='ocrx_word' id='word_1_202' title='bbox 449 3129 593 3184; x_wconf 85' lang='lat' dir='ltr'>concedas</span> <span class='ocrx_word' id='word_1_203' title='bbox 613 3147 733 3188; x_wconf 86' lang='lat' dir='ltr'>necesse</span> <span class='ocrx_word' id='word_1_204' title='bbox 755 3135 809 3187; x_wconf 83' lang='lat' dir='ltr'>est.</span> <span class='ocrx_word' id='word_1_205' title='bbox 850 3128 964 3199; x_wconf 85' lang='lat' dir='ltr'>Restat,</span> <span class='ocrx_word' id='word_1_206' title='bbox 972 3131 1145 3204; x_wconf 57' lang='lat' dir='ltr'>judiceeut</span> 
     </span>
    </p>
   </div>
   <div class='ocr_carea' id='block_1_3' title="bbox 270 3289 1147 3472">
    <p class='ocr_par' dir='ltr' id='par_1_3' title="bbox 270 3289 1147 3472">
     <span class='ocr_line' id='line_1_28' title="bbox 300 3289 1147 3354; baseline 0.012 -19"><span class='ocrx_word' id='word_1_207' title='bbox 300 3290 321 3324; x_wconf 80' lang='lat'>⁵⁵</span> <span class='ocrx_word' id='word_1_208' title='bbox 335 3290 363 3335; x_wconf 77' lang='lat' dir='ltr'>ab</span> <span class='ocrx_word' id='word_1_209' title='bbox 372 3289 498 3338; x_wconf 75' lang='lat' dir='ltr'>innocentie</span> <span class='ocrx_word' id='word_1_210' title='bbox 518 3292 626 3353; x_wconf 58' lang='lat' dir='ltr'>clenicam]</span> <span class='ocrx_word' id='word_1_211' title='bbox 642 3290 783 3354; x_wconf 75' lang='lat' dir='ltr'>opponitsua</span> <span class='ocrx_word' id='word_1_212' title='bbox 798 3305 831 3350; x_wconf 64' lang='lat' dir='ltr'>re</span> <span class='ocrx_word' id='word_1_213' title='bbox 841 3295 936 3347; x_wconf 69' lang='lat' dir='ltr'>comm</span> <span class='ocrx_word' id='word_1_214' title='bbox 951 3292 1058 3347; x_wconf 75' lang='lat' dir='ltr'>clemens</span> <span class='ocrx_word' id='word_1_215' title='bbox 1076 3296 1147 3347; x_wconf 66' lang='lat' dir='ltr'>escis</span> 
     </span>
     <span class='ocr_line' id='line_1_29' title="bbox 270 3348 1145 3420; baseline 0.002 -24"><span class='ocrx_word' id='word_1_216' title='bbox 270 3349 364 3420; x_wconf 68' lang='lat' dir='ltr'>glatiem</span> <span class='ocrx_word' id='word_1_217' title='bbox 374 3364 458 3406; x_wconf 86' lang='lat' dir='ltr'>eorum,</span> <span class='ocrx_word' id='word_1_218' title='bbox 470 3350 506 3412; x_wconf 91' lang='lat' dir='ltr'>qui</span> <span class='ocrx_word' id='word_1_219' title='bbox 516 3356 566 3398; x_wconf 92' lang='lat' dir='ltr'>sunt</span> <span class='ocrx_word' id='word_1_220' title='bbox 583 3351 716 3398; x_wconf 85' lang='lat' dir='ltr'>innoeentes.</span> <span class='ocrx_word' id='word_1_221' title='bbox 735 3404 738 3410; x_wconf 32' lang='grc' dir='ltr'>Ι</span> <span class='ocrx_word' id='word_1_222' title='bbox 748 3348 883 3410; x_wconf 75' lang='lat' dir='ltr'>Exquisitior</span> <span class='ocrx_word' id='word_1_223' title='bbox 897 3353 932 3396; x_wconf 66' lang='lat' dir='ltr'>at</span> <span class='ocrx_word' id='word_1_224' title='bbox 941 3350 981 3397; x_wconf 84' lang='lat' dir='ltr'>hio</span> <span class='ocrx_word' id='word_1_225' title='bbox 990 3368 1048 3403; x_wconf 64' lang='lat' dir='ltr'>usin</span> <span class='ocrx_word' id='word_1_226' title='bbox 1057 3368 1145 3420; x_wconf 61' lang='lat' dir='ltr'>praepo·</span> 
     </span>
     <span class='ocr_line' id='line_1_30' title="bbox 270 3409 839 3472; baseline -0.005 -15"><span class='ocrx_word' id='word_1_227' title='bbox 270 3409 362 3467; x_wconf 83' lang='lat' dir='ltr'>sitionu,</span> <span class='ocrx_word' id='word_1_228' title='bbox 373 3425 438 3472; x_wconf 90' lang='lat' dir='ltr'>quem</span> <span class='ocrx_word' id='word_1_229' title='bbox 446 3409 554 3457; x_wconf 84' lang='lat' dir='ltr'>Graevius</span> <span class='ocrx_word' id='word_1_230' title='bbox 563 3411 586 3455; x_wconf 89' lang='lat' dir='ltr'>h.</span> <span class='ocrx_word' id='word_1_231' title='bbox 598 3410 614 3455; x_wconf 91' lang='lat'>1.</span> <span class='ocrx_word' id='word_1_232' title='bbox 625 3424 668 3456; x_wconf 92' lang='lat' dir='ltr'>non</span> <span class='ocrx_word' id='word_1_233' title='bbox 679 3413 713 3456; x_wconf 90' lang='lat' dir='ltr'>est</span> <span class='ocrx_word' id='word_1_234' title='bbox 722 3413 839 3455; x_wconf 85' lang='lat' dir='ltr'>assecutus.</span> 
     </span>
    </p>
   </div>
   <div class='ocr_carea' id='block_1_4' title="bbox 270 3485 1149 3900">
    <p class='ocr_par' dir='ltr' id='par_1_4' title="bbox 270 3485 1149 3900">
     <span class='ocr_line' id='line_1_31' title="bbox 299 3485 1146 3551; baseline -0.002 -15"><span class='ocrx_word' id='word_1_235' title='bbox 299 3489 320 3523; x_wconf 78' lang='lat'>⁵⁶</span> <span class='ocrx_word' id='word_1_236' title='bbox 335 3490 373 3536; x_wconf 81' lang='lat' dir='ltr'>sed</span> <span class='ocrx_word' id='word_1_237' title='bbox 382 3504 404 3536; x_wconf 76' lang='grc' dir='ltr'><em>ω</em></span> <span class='ocrx_word' id='word_1_238' title='bbox 411 3488 553 3546; x_wconf 70' lang='lat' dir='ltr'>pespimum</span> <span class='ocrx_word' id='word_1_239' title='bbox 563 3487 605 3547; x_wconf 70' lang='lat' dir='ltr'>ec]</span> <span class='ocrx_word' id='word_1_240' title='bbox 635 3487 687 3534; x_wconf 85' lang='lat' dir='ltr'>Hoc</span> <span class='ocrx_word' id='word_1_241' title='bbox 695 3486 798 3533; x_wconf 83' lang='lat' dir='ltr'>vitiosum</span> <span class='ocrx_word' id='word_1_242' title='bbox 808 3500 863 3542; x_wconf 87' lang='lat' dir='ltr'>esse,</span> <span class='ocrx_word' id='word_1_243' title='bbox 870 3485 918 3542; x_wconf 83' lang='lat' dir='ltr'>jam</span> <span class='ocrx_word' id='word_1_244' title='bbox 927 3485 969 3534; x_wconf 83' lang='lat' dir='ltr'>alii</span> <span class='ocrx_word' id='word_1_245' title='bbox 980 3488 1100 3551; x_wconf 73' lang='lat' dir='ltr'>viderunt,</span> <span class='ocrx_word' id='word_1_246' title='bbox 1109 3489 1146 3541; x_wconf 68' lang='lat' dir='ltr'>sti</span> 
     </span>
     <span class='ocr_line' id='line_1_32' title="bbox 271 3545 1146 3607; baseline -0.008 -9"><span class='ocrx_word' id='word_1_247' title='bbox 271 3548 379 3598; x_wconf 80' lang='lat' dir='ltr'>Graevius</span> <span class='ocrx_word' id='word_1_248' title='bbox 404 3547 488 3594; x_wconf 84' lang='lat' dir='ltr'>luu‘bus</span> <span class='ocrx_word' id='word_1_249' title='bbox 496 3545 569 3591; x_wconf 87' lang='lat' dir='ltr'>verbis</span> <span class='ocrx_word' id='word_1_250' title='bbox 577 3546 686 3607; x_wconf 82' lang='lat' dir='ltr'>explicare</span> <span class='ocrx_word' id='word_1_251' title='bbox 692 3549 771 3591; x_wconf 82' lang='lat' dir='ltr'>tentat.</span> <span class='ocrx_word' id='word_1_252' title='bbox 788 3545 886 3591; x_wconf 85' lang='lat' dir='ltr'>Primum</span> <span class='ocrx_word' id='word_1_253' title='bbox 895 3559 973 3605; x_wconf 81' lang='lat' dir='ltr'>eoquo</span> <span class='ocrx_word' id='word_1_254' title='bbox 982 3550 1099 3601; x_wconf 62' lang='lat' dir='ltr'>reim</span> <span class='ocrx_word' id='word_1_255' title='bbox 1107 3552 1146 3599; x_wconf 59' lang='lat' dir='ltr'>sn</span> 
     </span>
     <span class='ocr_line' id='line_1_33' title="bbox 271 3564 1144 3673; baseline 0.003 -19"><span class='ocrx_word' id='word_1_256' title='bbox 271 3564 414 3654; x_wconf 45' lang='lat' dir='ltr'>saushsbegz</span> <span class='ocrx_word' id='word_1_257' title='bbox 469 3603 656 3672; x_wconf 29' lang='lat' dir='ltr'>spiceumoautem</span> <span class='ocrx_word' id='word_1_258' title='bbox 674 3604 759 3673; x_wconf 60' lang='lat' dir='ltr'>crime</span> <span class='ocrx_word' id='word_1_259' title='bbox 771 3619 821 3650; x_wconf 84' lang='lat' dir='ltr'>cum</span> <span class='ocrx_word' id='word_1_260' title='bbox 837 3601 1020 3673; x_wconf 63' lang='grc' dir='ltr'>πωγίοίοριιυοιι</span> <span class='ocrx_word' id='word_1_261' title='bbox 1031 3608 1144 3657; x_wconf 71' lang='lat' dir='ltr'>cosentit</span> 
     </span>
     <span class='ocr_line' id='line_1_34' title="bbox 270 3661 1147 3724; baseline -0.003 -11"><span class='ocrx_word' id='word_1_262' title='bbox 270 3665 340 3721; x_wconf 85' lang='lat' dir='ltr'>Nam,</span> <span class='ocrx_word' id='word_1_263' title='bbox 358 3672 382 3710; x_wconf 83' lang='lat' dir='ltr'>ut</span> <span class='ocrx_word' id='word_1_264' title='bbox 415 3676 494 3710; x_wconf 77' lang='lat' dir='ltr'>ramum</span> <span class='ocrx_word' id='word_1_265' title='bbox 509 3674 648 3723; x_wconf 75' lang='lat' dir='ltr'>persprcuum</span> <span class='ocrx_word' id='word_1_266' title='bbox 661 3666 696 3708; x_wconf 83' lang='lat' dir='ltr'>est</span> <span class='ocrx_word' id='word_1_267' title='bbox 705 3677 794 3720; x_wconf 80' lang='lat' dir='ltr'>cumen,</span> <span class='ocrx_word' id='word_1_268' title='bbox 805 3661 864 3723; x_wconf 84' lang='lat' dir='ltr'>quod</span> <span class='ocrx_word' id='word_1_269' title='bbox 872 3675 897 3707; x_wconf 90' lang='lat' dir='ltr'>1n</span> <span class='ocrx_word' id='word_1_270' title='bbox 906 3661 1147 3724; x_wconf 57' lang='lat' dir='ltr'>ahqtiemintmdiuu</span> 
     </span>
     <span class='ocr_line' id='line_1_35' title="bbox 271 3679 1147 3781; baseline 0.002 -12"><span class='ocrx_word' id='word_1_271' title='bbox 271 3737 306 3769; x_wconf 84' lang='lat' dir='ltr'>nu</span> <span class='ocrx_word' id='word_1_272' title='bbox 322 3722 364 3768; x_wconf 89' lang='lat' dir='ltr'>icio</span> <span class='ocrx_word' id='word_1_273' title='bbox 373 3679 469 3777; x_wconf 64' lang='lat' dir='ltr'>tofiitun</span> <span class='ocrx_word' id='word_1_274' title='bbox 484 3734 526 3765; x_wconf 85' lang='lat' dir='ltr'>nec</span> <span class='ocrx_word' id='word_1_275' title='bbox 540 3719 675 3781; x_wconf 79' lang='lat' dir='ltr'>estamplius</span> <span class='ocrx_word' id='word_1_276' title='bbox 685 3721 788 3781; x_wconf 70' lang='lat' dir='ltr'>susspicio,</span> <span class='ocrx_word' id='word_1_277' title='bbox 805 3721 844 3767; x_wconf 86' lang='lat' dir='ltr'>sed</span> <span class='ocrx_word' id='word_1_278' title='bbox 859 3734 894 3766; x_wconf 86' lang='lat' dir='ltr'>res</span> <span class='ocrx_word' id='word_1_279' title='bbox 903 3725 975 3768; x_wconf 72' lang='lat' dir='ltr'>certe</span> <span class='ocrx_word' id='word_1_280' title='bbox 1003 3724 1071 3774; x_wconf 77' lang='lat' dir='ltr'>Satis</span> <span class='ocrx_word' id='word_1_281' title='bbox 1087 3730 1147 3775; x_wconf 79' lang='lat' dir='ltr'>ent:</span> 
     </span>
     <span class='ocr_line' id='line_1_36' title="bbox 272 3777 1149 3900; baseline -0.002 -13"><span class='ocrx_word' id='word_1_282' title='bbox 272 3777 677 3898; x_wconf 42' lang='lat' dir='ltr'>mmmmm&amp;</span> <span class='ocrx_word' id='word_1_283' title='bbox 686 3778 823 3900; x_wconf 50' lang='grc' dir='ltr'>ΜΨ</span> <span class='ocrx_word' id='word_1_284' title='bbox 831 3777 904 3829; x_wconf 53' lang='lat'>&#39;³⁸⁰</span> <span class='ocrx_word' id='word_1_285' title='bbox 921 3784 1107 3842; x_wconf 50' lang='lat' dir='ltr'>”mm</span> <span class='ocrx_word' id='word_1_286' title='bbox 1118 3784 1149 3845; x_wconf 53' lang='lat'>⁵</span> 
     </span>
    </p>
   </div>
   <div class='ocr_carea' id='block_1_5' title="bbox 0 0 1360 4675">
    <p class='ocr_par' dir='ltr' id='par_1_5' title="bbox 0 0 1360 4675">
     <span class='ocr_line' id='line_1_37' title="bbox 0 0 1360 4675; baseline 0 0"><span class='ocrx_word' id='word_1_287' title='bbox 0 0 1360 4675; x_wconf 95' lang='lat' dir='ltr'> </span> 
     </span>
    </p>
   </div>
  </div>
 </body>
</html>
