2700 4675
249 572 313 633 278
545 631 548 637 ,
591 568 784 619 fflVlifflM

248 714 429 791 relinquere,
442 716 674 792 quandoquidem
684 717 833 792 agrosjam
841 719 910 774 ante
918 714 1001 774 istius
1009 715 1122 791 injuriis

217 806 239 864 4
250 815 392 889 exagitati
404 814 596 890 reliquissent.
620 817 685 874 Hoc
694 802 820 874 consilio
831 816 892 873 aL.
907 815 1032 872 Metello
1044 816 1122 890 lega·

249 913 344 971 tiones
352 913 506 972 universae
520 914 696 988 petiverunt,
706 917 738 970 ut
746 913 952 989 quamprimum
960 913 1009 971 isti
1019 931 1121 971 succe·

248 1012 348 1069 deret:
362 1013 419 1069 hoc
429 1011 528 1069 animo
541 1011 627 1068 toties
641 1011 717 1084 apud
728 1015 863 1083 patronus
876 1013 913 1068 de
924 1012 983 1069 suis
996 1012 1120 1070 miseriis

247 1110 446 1181 deplorsrunt:
460 1109 517 1165 hcc
525 1108 663 1165 commoti
673 1108 783 1176 dolore,
794 1112 938 1182 postulata
945 1109 1125 1176 consulibus,

247 1224 321 1282 quae
334 1224 394 1264 non
414 1207 567 1279 postulata,
588 1207 640 1263 sed
661 1206 693 1263 in
706 1205 794 1263 istum
811 1207 935 1265 crimina
948 1209 1120 1266 viderentur

247 1323 321 1373 esse,
335 1304 496 1361 ediderunt.
538 1305 687 1362 Fecemnt
699 1305 796 1373 etiam,
817 1310 848 1362 ut
861 1323 917 1374 mc,
931 1305 1014 1380 cqjus
1029 1308 1123 1365 fidem

248 1403 516 1478 continentiamque
535 1408 742 1478 cognoverant,
761 1421 848 1477 prope
868 1405 905 1460 dc
930 1404 1011 1461 vitae
1030 1421 1122 1461 meae

247 1509 325 1561 statu
337 1505 436 1560 dotore
450 1520 485 1560 uc
497 1502 634 1576 iacrymis
649 1501 707 1560 suis
721 1501 906 1567 deducerent,
916 1506 948 1558 ut
961 1519 1016 1574 ego
1028 1500 1123 1560 istum

244 1618 433 1669 accusarem3
455 1618 544 1674 aquo
561 1618 626 1657 mee
645 1600 814 1674 longissime
835 1598 909 1656 ratio
928 1599 1122 1675 voluntasque

244 1698 433 1777 abhorrebat:
457 1695 663 1774 ⁹(quamquam
683 1697 714 1754 in
735 1699 791 1754 hac
813 1714 899 1753 causa
914 1698 1122 1772 multoplures

247 1801 343 1870 partes
357 1795 429 1853 mihi
439 1794 625 1863 detensionis,
639 1812 725 1870 qnam
738 1793 944 1863 accusationis,
957 1796 1122 1870 suscepisse

248 1894 351 1951 videor
362 1892 384 1971 ε)
404 1899 547 1966 postremo
561 1893 695 1952 homines
708 1911 746 1950 ex
761 1897 822 1950 tota
836 1893 987 1966 provincia
1000 1895 1122 1954 nobilis·

248 1993 316 2052 simi
329 1992 480 2067 primique,
494 1993 610 2066 publice
625 1989 816 2067 privatimque
830 1996 989 2050 venerunt:
1010 1993 1122 2067 gravis·

248 2091 320 2147 sima
336 2098 421 2164 atque
435 2091 640 2148 honestissima
652 2108 782 2166 quaeque
802 2089 909 2148 civitas
923 2091 1120 2150 vehementis·

247 2190 320 2247 sime
342 2208 407 2247 suas
428 2190 547 2262 iujurias
565 2193 716 2263 persecuta
730 2193 783 2246 est

289 2289 333 2346 At
358 2286 378 2318 ¹⁰
388 2288 636 2362 quemadmodum,
656 2286 783 2362 judices,
811 2285 978 2346 venerunt?
1005 2288 1121 2348 Videor

248 2387 328 2445 enim
347 2386 418 2443 mihi
443 2385 559 2443 tiberius
579 2386 655 2459 apud
676 2403 729 2443 vos
741 2386 805 2458 jam
829 2404 880 2459 pro
906 2387 1013 2444 Siculis
1038 2387 1120 2463 loqui

249 2488 364 2554 debere,
378 2502 463 2561 quam
481 2484 599 2541 forsitan
613 2483 670 2558 ipsi
684 2483 796 2542 veiint:
813 2485 899 2542 saluti
917 2485 997 2542 euim
1018 2503 1120 2544 eorum

249 2584 344 2657 potius
359 2586 518 2650 consutam,
528 2600 613 2657 quam
624 2581 777 2640 voluntati.
802 2584 932 2657 Ecquem
942 2584 1120 2642 existimatis

249 2684 457 2756 umquam,utia
466 2680 496 2738 in
505 2680 748 2753 provincia,reum
757 2683 906 2739 absentem
915 2687 1016 2741 contra
1025 2682 1121 2757 inqui·

250 2779 1121 2855 sitionemaccusatoris,tantisopibus,tuntacupiditate,esse

249 2874 420 2936 detonsum?
440 2878 613 2950 Quaestores
629 2876 774 2952 utriusque
795 2877 972 2950 provinciae,
993 2879 1042 2954 qui
1062 2879 1121 2937 istc

249 2984 380 3048 praetore
392 2976 513 3044 fuerant,
522 2993 588 3033 cum
596 2975 720 3033 fascibus
730 2976 799 3033 mihi
811 2982 923 3049 praesto
931 2977 1054 3035 suerunt.
1078 2979 1121 3036 Hi

249 3091 341 3145 porro,
355 3073 403 3146 qui
413 3078 621 3140 successerunt,
631 3076 820 3131 vehementer
827 3073 910 3131 istius
921 3075 1030 3148 cupidi,
1044 3076 1119 3134 libe·

250 3168 348 3226 taliter
358 3187 395 3223 ex
405 3169 486 3224 istius
497 3169 613 3226 cibariis
622 3171 747 3238 tractati,
756 3190 814 3229 non
824 3172 917 3229 minus
926 3190 1007 3230 acres
1016 3178 1122 3232 contra

245 3284 297 3331 ‚me
309 3267 432 3322 tuerunt.
464 3267 583 3334 Videte,
596 3269 664 3342 quid
680 3271 812 3343 potuerit,
824 3270 872 3346 qui
883 3275 1004 3345 quatuor
1016 3271 1048 3328 in
1060 3290 1122 3329 una

251 3365 402 3439 provincia
426 3371 599 3438 quaestores,
622 3368 844 3426 studiosissimos
866 3370 1031 3427 defensores
1056 3388 1121 3443 pro-

251 3471 478 3540 pugnatoresque
492 3464 637 3522 hebuerit:
652 3473 813 3539 praetorem
827 3485 898 3524 vero
911 3468 1120 3544 cohortemque

281 3621 292 3652 ⁹
305 3633 436 3689 qumquam
444 3645 454 3654 -
463 3645 473 3654 -
482 3617 575 3680 videon]
607 3621 632 3669 ln
645 3620 772 3681 parenthesi
782 3621 842 3668 dicta
851 3624 915 3669 suut:
933 3625 1002 3683 atque
1011 3621 1043 3670 sic
1051 3621 1123 3671 inter·

247 3695 324 3743 punxi.

279 3768 299 3798 ¹⁰
313 3766 494 3824 qrsemndnsudum
507 3768 622 3828 aeneum]
637 3765 733 3812 retertur
742 3764 771 3810 ad
778 3769 870 3825 tempus,
880 3769 904 3810 et
912 3764 968 3812 alias
980 3778 1125 3831 πεμψας,-

250 3824 366 3886 dequibus
375 3840 426 3874 mox
434 3825 523 3881 dicitur,
533 3824 686 3874 difficultatem
695 3821 793 3871 abeundi
803 3824 905 3884 Romam,
915 3828 959 3872 ets.
