2700 4675
298 552 359 614 170
633 546 667 598 nt
683 544 827 597 vmlllt

293 696 351 755 llde
371 697 515 755 deducere
527 712 587 754 non
607 698 776 772 potuissent,
793 694 861 754 ”ne
877 690 1009 768 eiusdem
1020 696 1166 769 pecunise

293 798 331 855 de
363 798 473 855 honore
499 796 669 871 dejicerent.
718 796 911 870 Posteaquam
936 794 991 851 illa
1012 794 1164 869 petitioni

293 911 480 970 magnacum
500 896 636 954 liberatus
649 913 722 965 sum,
741 895 840 954 animo
859 893 945 968 coepi
958 895 1055 951 multo
1073 894 1163 971 mgb

294 1011 388 1052 vacuo
401 1011 436 1052 ac
450 997 553 1062 soluto,
570 995 643 1052 nihil
657 996 745 1062 aliud,
765 994 872 1052 uiride
885 992 1011 1066 judicio,
1031 1010 1121 1067 agere
1133 996 1162 1051 st

291 1093 429 1167 cogitare.
470 1093 606 1166 Reperio,
626 1092 753 1166 judices,
781 1094 854 1150 haec
879 1094 918 1150 ab
947 1090 1013 1149 istis
1040 1092 1163 1151 consilia

291 1190 365 1248 inita
378 1197 409 1250 et
422 1191 588 1260 constituta,
607 1196 648 1260 ut,
668 1209 838 1267 quacunque
856 1208 929 1265 opus
948 1195 1028 1248 esset
1041 1190 1161 1259 radone,

291 1304 337 1352 res
359 1291 402 1347 ita
422 1291 582 1358 duceretur,
603 1296 635 1348 ut
658 1293 734 1364 apud
758 1290 802 1348 Μ.
822 1291 979 1349 Metellum
1000 1296 1160 1365 praesum

291 1406 380 1448 causa
399 1390 552 1447 diceretur.
570 1389 602 1447 in
621 1407 657 1446 eo
671 1407 735 1447 esse
752 1390 826 1446 haec
846 1390 1018 1451 commode:
1042 1390 1162 1464 primum

292 1487 336 1546 M.
352 1488 514 1556 Metellum,
527 1488 748 1546 amicissimum:
766 1488 873 1546 deinde
887 1488 1079 1546 Hortensium
1096 1504 1163 1546 oon·

289 1588 382 1644 sulem
397 1606 454 1645 non
475 1589 576 1653 solum,
591 1587 744 1644 sedetiam
765 1587 802 1658 Q.
818 1587 988 1656 Metellum,
1007 1587 1060 1662 qut
1077 1594 1160 1663 quan

289 1684 339 1742 isti
352 1685 390 1742 sit
403 1685 523 1753 amicus,
536 1685 688 1741 attendite.
708 1683 729 1716 π
737 1685 818 1743 dedit
836 1685 916 1743 enim
928 1685 1161 1761 praerogativam

289 1801 358 1841 suae
370 1783 528 1841 voluntatis
542 1783 692 1856 ejusmodi,
705 1788 738 1839 ut
750 1783 800 1841 isti
809 1802 862 1858 pro
874 1782 1087 1859 praerogativis
1096 1794 1160 1842 erm

289 1883 448 1940 reddidisse
475 1881 618 1939 videatur.
674 1884 725 1940 Au
752 1900 799 1939 me
826 1884 980 1942 taciturum
1001 1880 1099 1941 ¹tantis
1124 1884 1159 1941 de

289 1984 374 2039 rebus
394 1979 639 2039 existimavistis?
657 1987 696 2049 et,
720 1980 751 2038 in
771 1987 852 2038 tauto
866 1982 1044 2057 reipublicae
1062 1982 1160 2043 existi·

289 2080 481 2154 notionisque
502 2097 585 2136 meae
599 2080 737 2153 periculo,
753 2081 886 2154 cuiquam
901 2082 1101 2139 consulturum
1113 2096 1160 2156 po·

287 2178 355 2244 tius,
373 2196 457 2251 quam
479 2179 574 2234 officio
592 2184 621 2235 et
641 2179 778 2252 dignitati
798 2177 905 2237 meae?
930 2181 1066 2238 Arcessit
1089 2181 1162 2237 alter

287 2278 389 2332 consul
416 2277 582 2350 designatus
603 2276 736 2333 Siculos:
762 2279 885 2335 veniunt
908 2278 1054 2349 nonnulli,
1078 2296 1158 2356 prop·

287 2378 367 2432 terea
387 2376 461 2449 quod
476 2375 511 2433 L.
528 2375 665 2433 Meteilus
686 2382 763 2433 esset
776 2382 890 2450 praetor
904 2379 936 2435 in
958 2378 1074 2436 Sicilia.
1093 2383 1159 2438 cum

286 2472 324 2531 iis
337 2475 380 2532 ila
393 2474 534 2548 loquitur:
555 2492 586 2531 se
599 2478 749 2532 consulem
763 2493 826 2532 esse
838 2497 846 2532 ε
860 2477 976 2534 tratrem
991 2495 1075 2534 suum
1088 2479 1157 2536 alte

287 2589 350 2631 rum
365 2573 498 2631 Siciliam
508 2573 690 2648 provinciam
704 2575 979 2644 obtinere,alten1m
993 2593 1060 2634 esse
1074 2593 1157 2652 quas·

286 2672 406 2729 siturum
434 2673 471 2728 de
497 2672 629 2745 pecuniis
656 2674 844 2747 repetundis:
875 2675 963 2731 Verri
990 2693 1029 2733 ne
1058 2675 1157 2734 noceri

234 2770 386 2845 10possit,
414 2770 512 2827 multis
536 2771 694 2829 rationibus
718 2790 782 2830 esse
802 2774 957 2847 provisum.
1000 2775 1079 2847 Quid
1102 2779 1156 2852 est,

285 2888 400 2946 quaeso,
415 2870 548 2938 Metelle,
555 2870 698 2943 judicium
712 2888 901 2945 corrumpere,
911 2874 937 2931 si
951 2873 1008 2931 hoo
1022 2892 1084 2932 non
1093 2870 1155 2933 esti

284 2975 384 3039 testes,
404 2970 571 3043 praesertim
587 2970 710 3037 Siculos,
731 2970 847 3027 timidos
861 2972 994 3029 homiues
1015 2977 1048 3029 et
1067 2973 1155 3032 efflio·

284 3072 339 3135 tos,
353 3087 412 3125 nou
426 3071 519 3124 solum
538 3067 710 3123 auctoritate
723 3070 876 3137 deterrere,
888 3071 1040 3128 sedetiam
1053 3089 1155 3130 coustr-

284 3166 338 3223 lari
352 3172 439 3231 metu,
452 3171 482 3221 et
495 3166 615 3221 duorum
629 3170 790 3237 plraetorum
804 3167 972 3243 potestate?
987 3169 1068 3241 Quid
1080 3171 1155 3228 lasa·

284 3281 330 3322 res
343 3281 394 3335 pro
414 3263 530 3319 homine
544 3261 701 3320 innocente
723 3272 754 3321 et
767 3268 935 3343 propinquo,
955 3286 1023 3327 cum
1037 3274 1153 3344 propter

284 3362 430 3421 hominem
445 3363 667 3436 perditissimum
682 3368 767 3440 atque
778 3368 996 3438 alienissimum,
1008 3372 1047 3429 de
1057 3369 1154 3429 officio

313 3519 336 3552 ω
350 3517 594 3579 neejrodcmpccuniuc
605 3544 615 3553 -
624 3546 634 3554 -
642 3520 779 3582 dejicerent]
796 3522 833 3568 Sic
840 3524 891 3569 edd
902 3538 937 3585 pr.
947 3539 1036 3572 omnes:
1068 3523 1113 3572 uod
1121 3537 1155 3572 n·

283 3584 347 3627 murs
356 3594 403 3627 sum
411 3593 460 3624 curu
470 3577 583 3625 Graevio:
599 3593 678 3640 nempe
688 3580 805 3637 dejicerm
813 3582 891 3628 melius
900 3584 1005 3630 convenit
1014 3599 1029 3629 s
1086 3583 1153 3643 sedi.

283 3638 368 3690 Primur
379 3638 403 3687 P.
416 3637 533 3685 Manutius
543 3636 614 3683 edidit
621 3638 724 3694 parantis
732 3664 742 3673 -
750 3666 760 3674 -
770 3639 882 3699 dejicere,
890 3647 915 3687 ut
925 3641 992 3689 estin
1001 3642 1051 3690 Ms.
1061 3643 1106 3691 (iu.
1117 3642 1155 3705 qui

281 3700 357 3751 temon
368 3697 436 3752 habel
444 3698 544 3753 μιαιιιία,
561 3698 590 3743 de
598 3710 623 3742 re
633 3699 690 3744 conl.
703 3699 730 3744 h.
743 3698 759 3744 l.
769 3697 835 3744 Verr.
846 3705 868 3747 7.

280 3776 668 3891 ingladvagitproerogatimetc]
693 3776 766 3836 Hujts
776 3777 1151 3840 venustilociexplicutiouunrid
