2700 4675
278 547 339 608 174
603 542 637 591 lli
652 542 795 593 vultuum

275 694 306 747 et
320 688 363 747 M.
379 687 502 746 Metello
515 687 721 764 obtigissel,ut
733 690 758 747 is
772 690 810 746 de
823 684 956 761 pecuniis
976 686 1150 759 repetundis

274 791 442 864 quaereret,
463 786 612 845 nuntiatur
630 787 711 854 mibi,
732 791 844 845 tsntsm
857 784 907 842 isti
920 783 1147 860 gmbrlationem

276 903 339 944 esse
353 888 469 954 tactam,
483 890 514 943 ut
527 885 553 943 is
566 903 679 961 quoque
691 883 838 942 ”domum
849 883 988 953 mitteret,
1001 882 1053 958 qui
1063 881 1146 941 rsxori

275 1002 344 1043 suae
358 984 533 1042 nuntiarent.
576 985 654 1042 Sane
668 1002 707 1042 ne
718 983 792 1040 baec
806 982 920 1057 quidem
934 998 981 1061 res
999 980 1076 1038 milri
1088 982 1146 1054 pls·

275 1085 376 1139 cebat:
404 1099 498 1156 neque
525 1086 632 1149 tamen,
659 1082 728 1156 quid
757 1085 906 1154 tantopere
924 1078 957 1136 in
984 1080 1043 1137 bac
1070 1082 1145 1137 sorte

274 1181 459 1238 metuendum
473 1179 545 1239 mibi
555 1184 641 1248 esset,
655 1179 867 1253 intelligebam.
907 1178 1008 1236 Unum
1020 1176 1097 1235 illud
1107 1194 1145 1235 ex

274 1277 438 1335 hominibus
455 1278 553 1345 certis,
573 1296 611 1334 ex
632 1277 734 1351 quibus
748 1276 847 1334 omnia
863 1274 1002 1351 comperi,
1023 1274 1145 1349 reperis·

274 1377 359 1433 bam:
380 1377 467 1434 fiscos
478 1377 641 1450 complures
655 1393 722 1432 cum
741 1373 867 1449 pecunia
883 1372 1036 1432 Siciliensi
1050 1388 1145 1449 aquo·

275 1475 342 1533 dam
363 1480 495 1533 senatore
509 1475 547 1532 ad
560 1473 687 1549 equitem
709 1472 875 1530 Romanum
890 1484 957 1530 esse
973 1474 1145 1531 translatos:

276 1589 314 1628 ex
335 1572 382 1629 his
404 1573 486 1647 quasi
506 1573 545 1631 X.
570 1573 659 1629 fiscos
677 1571 716 1628 ad
739 1575 903 1629 senatorem
924 1571 1008 1629 illum
1028 1570 1145 1629 relictos

275 1688 348 1738 esse,
361 1669 382 1701 ²
389 1670 571 1728 comitiorum
582 1687 711 1728 meorum
720 1670 856 1727 nominet
867 1669 1009 1727 divisores
1016 1668 1146 1727 omnium

274 1769 398 1826 tribuum
406 1772 494 1826 noctu
502 1769 540 1825 ad
549 1768 775 1825 istum-vocatos.
796 1768 845 1825 Ex
853 1768 955 1841 quibus
962 1765 1145 1843 quddamqui

275 1884 307 1924 se
319 1864 340 1898 ³⁰
348 1866 446 1924 omnia
460 1882 527 1923 mes
543 1882 630 1923 causa
643 1866 749 1922 debere
768 1865 966 1935 arbitrabatur,
977 1866 1084 1924 eadem
1096 1864 1147 1923 ilia

274 1971 362 2024 nocte
377 1967 413 2022 ad
427 1982 474 2023 me
488 1964 586 2022 venit:
600 1965 788 2033 demonstret,
799 1980 855 2039 qua
868 1963 923 2021 iste
933 1963 1066 2022 oratione
1079 1980 1162 2023 usus·

277 2069 368 2121 esset:
379 2080 618 2122 commemorasse
629 2063 725 2129 istum,
738 2079 824 2137 quam
836 2061 996 2120 liberaliter
1008 2080 1061 2120 eos
1073 2067 1147 2121 truo-

276 2168 366 2218 tasset
386 2162 475 2218 etiam
496 2166 592 2228 antes,
613 2178 680 2218 cum
702 2160 764 2234 ipse
784 2166 945 2236 praeturam
967 2161 1099 2235 petisset,
1116 2164 1147 2219 et

276 2259 416 2332 proximis
428 2258 624 2315 consularibus
645 2258 851 2334 praetoriisque
871 2258 1018 2317 comitiis:
1039 2258 1146 2317 demus

276 2357 415 2416 continuo
425 2375 489 2414 esse
499 2356 671 2431 pollicitum,
684 2355 703 2388 ³¹
712 2363 849 2432 quantam
858 2361 970 2416 vellent
980 2359 1146 2433 pecuniam,

276 2456 302 2514 si
322 2475 368 2515 me
388 2457 537 2514 aedilitate
554 2456 739 2529 dejecissent.
782 2457 840 2515 Hic
862 2457 940 2515 alios-
958 2475 1084 2533 negasse
1098 2474 1147 2516 au·

276 2557 359 2613 dere:
383 2555 456 2613 alios
470 2554 661 2628 respondisse,
681 2573 740 2613 non
758 2560 859 2629 putare
873 2556 908 2614 iu
922 2556 1024 2630 perfici
1044 2573 1149 2631 posses

277 2654 430 2711 inventum
444 2661 541 2711 temen
556 2674 620 2712 esse
634 2656 736 2712 sortem
750 2654 884 2722 amicum,
898 2673 937 2724 ex
951 2656 1057 2713 eadem
1066 2653 1147 2714 sami·

275 2752 317 2809 lia
336 2753 373 2825 Q.
388 2753 522 2820 Verrem,
544 2753 681 2821 Romilia,
700 2771 737 2810 ex
752 2753 861 2826 optima
880 2752 1041 2812 divisorum
1061 2753 1148 2812 disci·

278 2852 366 2926 plina,
392 2852 481 2927 patris
508 2851 590 2908 istius
614 2851 786 2926 discipulum
813 2856 900 2927 atque
927 2851 1065 2922 amicum,
1087 2853 1149 2930 qul,

279 3009 331 3112 ..²1
344 3005 1148 3135 Ptempguffgmfflfflfflffisffi

278 3123 361 3179 dicunt,
371 3140 437 3185 saepe
446 3123 533 3179 Cicero,
542 3123 620 3169 Livius
629 3124 708 3169 etalii.
719 3126 764 3171 vrd.
773 3125 839 3171 Clav.
849 3124 872 3171 in
881 3125 974 3171 nsitters.
993 3127 1071 3186 Atque
1079 3123 1148 3172 etism

277 3181 328 3229 aliis
336 3182 393 3227 locis
403 3182 563 3228 substantivum
573 3181 678 3237 ejusmodi
688 3197 701 3227 a
710 3183 865 3241 glossatoribus
875 3183 1010 3230 inculcatum
1018 3187 1060 3230 est.

306 3258 330 3290 ²⁹
343 3259 481 3305 montiosum
497 3273 594 3305 munem
609 3260 716 3321 murice]
754 3261 837 3309 Addidi
851 3276 950 3308 meonsm
965 3275 994 3308 ex
1009 3261 1109 3308 Assumo
1122 3264 1147 3308 et

277 3316 325 3365 Ms.
342 3316 385 3364 Gu.
397 3323 423 3365 ut
438 3325 490 3366 ante
500 3318 524 3364 P.
538 3317 663 3374 Manutius,
674 3334 740 3381 quem
750 3320 822 3366 etalii
832 3320 901 3366 secuti
911 3324 969 3376 sunt,
985 3329 1009 3366 et
1023 3319 1148 3368 Graevius:

276 3375 624 3483 gqclieilwlifflirffqm'
656 3377 693 3424 Sic
702 3392 754 3424 mox
763 3379 1021 3427 mndliammulcriaet
1026 3379 1149 3438 motoris,

305 3517 328 3548 ³⁰
341 3531 360 3563 o.
375 3529 423 3562 meo
433 3529 498 3561 cuum
505 3515 687 3577 fceerededere]
720 3516 799 3563 Facere
813 3516 896 3573 delevi,
913 3520 939 3563 ut
953 3516 1038 3579 primus
1053 3519 1148 3564 παίω

281 3576 374 3623 Asconio
388 3574 440 3620 lecit
454 3574 479 3620 Ρ.
490 3574 617 3621 Manutius.
648 3575 685 3622 Sic
702 3579 726 3621 et
741 3574 861 3624 Graevius:
874 3575 984 3638 jubetque
1000 3576 1149 3623 ciceroniana

276 3635 411 3683 consuetudo
420 3637 444 3678 et
453 3632 563 3692 elegantia
577 3631 701 3682 latinitatis.

305 3713 325 3745 ³¹
339 3717 446 3774 quamne
453 3713 534 3759 vellent
541 3710 675 3773 perusium]
702 3713 727 3759 Ρ.
738 3712 865 3770 Manutius,
874 3713 987 3760 Victorius
997 3717 1022 3759 et
1030 3711 1148 3762 eliideds·

276 3776 327 3817 runt
383 3776 450 3823 mum
461 3786 482 3817 υ.
498 3772 620 3828 preamium
638 3773 697 3831 quod
713 3776 746 3819 est
763 3786 816 3817 sane
833 3772 970 3831 elegantius.-
984 3772 1025 3819 ssd
1039 3773 1153 3820 tament

262 3827 329 3876 illud
410 3829 509 3879 latinum.
540 3831 600 3881 Mox
609 3828 634 3875 id
643 3832 703 3877 male
712 3830 793 3883 excidit
801 3831 852 3877 edd.
864 3830 981 3879 nonnullis.
