2700 4675
528 583 792 642 praesumare.
1054 590 1092 651 l?

221 736 454 795 controversiam
473 736 599 804 veniret,
613 741 663 794 aut
682 736 759 794 intra
771 731 906 806 parietes,
920 735 971 788 aut
983 748 1094 789 summa

223 832 290 906 jure
304 830 505 906 experiretur?
523 832 545 864 ³⁰
559 830 665 889 itane?
680 832 756 905 quod
768 829 824 888 viri
832 828 934 903 optimi
945 828 1095 897 saeinnt,ii

225 930 275 1004 qui
290 946 355 986 suus
368 929 542 1001 propinquos
562 945 597 984 ae
616 927 794 985 necessarios
813 943 895 984 caros
914 933 945 984 et
959 928 1095 985 honestos

227 1044 292 1082 esse
304 1031 389 1099 atque
399 1025 499 1081 haberi
510 1025 628 1095 volunt3
642 1026 671 1082 id
683 1026 753 1082 Sex.
767 1026 797 1082 N
798 1022 899 1082 aerius
909 1042 967 1082 non
977 1026 1095 1093 iaceret,

228 1122 278 1197 qui
291 1139 380 1197 usqne
394 1139 430 1178 eo
444 1122 537 1178 servet
549 1122 691 1198 ferturque
704 1122 836 1190 avaritia,
849 1127 881 1180 ut
894 1124 931 1179 de
944 1123 1003 1180 suis
1017 1140 1094 1181 com·

227 1220 319 1277 modis
330 1220 455 1294 aliquam
469 1225 578 1293 partem
591 1220 666 1278 nolit
680 1220 822 1285 amittere,
835 1238 873 1277 ne
887 1238 972 1295 quam
982 1227 1093 1295 partem

227 1318 294 1377 buia
307 1318 466 1393 propinquo
479 1334 531 1375 sno
543 1319 629 1376 ullius
649 1318 812 1376 ornamenti
826 1317 990 1393 relinquat?
1009 1321 1049 1377 Et
1067 1320 1094 1378 is

225 1416 388 1490 pecuniam,
416 1416 449 1472 si>
461 1433 517 1490 qua
536 1417 697 1483 deberetur,
713 1433 773 1474 non
799 1421 921 1489 peteret,
939 1416 997 1491 qui,
1017 1418 1093 1500 quia,

223 1516 300 1589 quod
313 1515 443 1571 debitum
463 1530 618 1587 numquam
637 1518 691 1582 est,
711 1513 742 1570 id
762 1515 861 1571 datum
874 1531 933 1571 non
953 1518 1006 1584 est,
1034 1532 1093 1572 non

224 1612 378 1687 peeuniam
393 1612 487 1677 modo,
502 1629 603 1669 verum
617 1612 706 1669 etiam
719 1611 844 1669 bominis
865 1611 1016 1687 propinqui
1028 1631 1094 1671 san·

224 1710 343 1785 guinem
356 1710 503 1785 vitamque
518 1710 628 1783 eripere
649 1708 792 1769 conatur?
813 1710 891 1768 Huie
905 1716 936 1768 tu
955 1713 1092 1771 molestus

225 1825 289 1864 esse
303 1808 444 1865 videlieet
457 1807 584 1875 noluisti,
598 1825 683 1881 quem
694 1825 772 1866 nune
784 1808 922 1881 respirare
932 1809 1023 1869 libere
1033 1827 1093 1867 non

225 1903 318 1963 ainis?
338 1924 422 1979 quem
442 1922 520 1962 nune
544 1905 708 1962 interficere
728 1906 838 1961 nefarie
864 1906 957 1978 eupis,
977 1924 1043 1962 eum
1062 1912 1094 1964 tu

226 2001 381 2074 prudenter
406 2003 551 2073 appellare
578 1999 724 2058 nolebas?
748 2002 795 2057 lta
822 2003 918 2057 eredo.
947 2003 1093 2060 bominem

225 2097 423 2172 propinquum,
431 2097 473 2154 tui
481 2100 694 2166 observantem,
703 2096 796 2155 vimm
805 2100 919 2167 bouum,
929 2101 1093 2172 pudentem,

222 2196 361 2269 majorem
382 2200 459 2264 natu,
480 2197 608 2264 nolebas,
635 2201 685 2253 aut
705 2214 763 2254 non
782 2198 908 2255 audebas
936 2200 1090 2272 appellare.

223 2312 319 2369 saepe,
333 2299 366 2352 ut
385 2294 426 2362 tit,
439 2312 506 2353 eum
518 2293 582 2368 ipse
596 2299 625 2352 te
639 2296 847 2364 confirmasses,
864 2313 930 2355 eum
943 2298 1092 2355 statuisses

224 2395 262 2449 de
275 2392 400 2466 pecnnia
408 2393 587 2451 mentionem
601 2393 706 2459 faeere,
720 2410 787 2449 eum
799 2399 914 2465 paratus
928 2395 1092 2452 meditatus·

223 2507 280 2566 que
301 2489 448 2558 venissem
475 2490 562 2545 homo
588 2489 716 2554 timidus,
743 2489 880 2561 virginali
907 2493 1092 2560 verecundia,

225 2587 320 2644 subito
328 2587 390 2658 ipse
404 2590 434 2641 te
443 2584 587 2640 retinebas
598 2603 605 2638 ε
617 2584 773 2640 excidebat
780 2590 899 2658 repente
910 2587 1011 2645 oratio.
1025 2607 1093 2646 eum

225 2699 346 2754 cuperes
360 2683 515 2754 appellare,
527 2698 584 2738 non
604 2681 738 2748 audebas,
752 2699 790 2738 ne
803 2682 914 2740 invitus
927 2685 1047 2744 audiret.
1061 2689 1092 2745 id

223 2783 287 2837 erat
300 2779 437 2851 protecto.
479 2779 636 2836 Credamus
653 2779 719 2846 boe,
741 2780 811 2836 Sex.
833 2782 989 2853 Naevium,
1009 2789 1091 2860 euJus
1105 2779 1143 2836 12

222 2882 473 2953 eaputoppugnet,
482 2877 542 2951 ejus
551 2878 665 2935 auribus
681 2879 852 2952 pepercisse.
895 2884 927 2940 Si
935 2886 1091 2958 debuisset,

223 2978 324 3044 Sexte,
337 2977 458 3050 petisses
478 2977 593 3046 statim3
614 2977 639 3034 si
653 2995 713 3034 non
740 2977 847 3046 statim,
867 2983 953 3053 paulo
973 2985 1089 3058 quidem

222 3080 302 3148 post;
315 3075 341 3131 si
354 3093 414 3133 non
427 3078 521 3148 paulo,
530 3079 561 3131 at
574 3074 739 3149 aliquant03
753 3094 807 3133 sex
821 3078 935 3151 quidem
944 3080 1002 3138 iilis
1011 3101 1090 3142 men·

222 3173 300 3229 sibus
314 3173 458 3246 prosect03
472 3190 550 3231 anno
561 3179 693 3230 vertente
704 3173 768 3230 sine
779 3179 984 3236 controversia.
1027 3185 1088 3240 An·

198 3348 203 3352 ἡ
224 3286 263 3326 no
276 3276 306 3326 et
319 3288 372 3326 sex
392 3269 538 3327 mensibus
559 3287 637 3337 vero,
657 3288 724 3328 eum
744 3272 797 3328 tibi
816 3274 943 3346 quotidie
962 3282 1089 3351 potestas

223 3365 348 3422 bominis
361 3367 460 3424 suisset
473 3368 656 3435 admonendi,
678 3371 798 3426 verbum
818 3374 927 3431 nultum
945 3374 1032 3434 facis:
1048 3380 1088 3436 bi·

224 3463 383 3536 enniojam
396 3467 530 3523 consecto
544 3466 611 3534 sere,
626 3470 763 3540 appelles.
806 3470 877 3541 Quis
888 3476 947 3529 tam
960 3478 1087 3548 perditus

225 3578 261 3619 ae
276 3561 402 3634 profusus
416 3581 514 3636 nepes,
528 3581 587 3619 non
607 3566 696 3621 adesa
708 3565 780 3636 jam,
794 3569 845 3624 sed
864 3572 1022 3629 abundanti
1036 3576 1087 3631 eti·

222 3677 270 3716 am
282 3660 415 3731 pecunia,
429 3660 471 3717 sie
485 3660 637 3717 dissolutus
651 3661 760 3731 suisset,
773 3670 805 3723 ut
818 3666 871 3725 suit
892 3671 962 3727 Sex.
978 3671 1088 3730 Naevi·

251 3809 373 3872 wltamt]
390 3810 426 3858 Sis
436 3811 503 3860 eMs.
515 3811 604 3860 Mureti
619 3813 704 3862 editum
720 3821 761 3865 est.
778 3818 810 3877 (v.
826 3819 881 3867 Ver.
892 3822 955 3870 Isset
965 3822 1029 3884 XVI,
1041 3829 1087 3886 19.)

221 3873 274 3916 ante
283 3875 332 3916 erat
341 3869 406 3918 Itum
419 3873 465 3920 sati
478 3872 546 3920 male.

260 3949 331 3989 uon.
353 3949 396 3988 1v.
638 3931 696 3988 Η
