2700 4675
269 541 337 600 224
613 528 808 584 invulsum

272 686 326 750 tur,
339 681 418 739 servi
429 681 561 740 nonnulli
577 683 772 742 vulnerantur.
787 680 850 754 ipse
875 673 1008 736 Rubrius
1022 676 1057 736 in
1071 679 1148 738 huba

271 780 424 838 sauciatur.
466 780 536 850 lete,
558 781 609 856 qui
627 798 679 838 sua
701 778 859 853 cupiditate
881 781 983 834 tantos
1006 779 1142 835 tumultus

271 879 433 936 concitatos
447 878 570 947 videret,
582 896 688 953 cupere
711 875 809 952 aliquia
830 876 962 943 evolare,
989 875 1018 933 si
1040 881 1142 950 posset.

218 976 260 1040 nl
272 976 415 1034 Postridie
428 995 515 1034 manc
528 977 660 1034 homines
671 976 703 1034 in
717 974 889 1033 nonnionem
900 973 1047 1032 veniunt:
1061 992 1142 1049 quae·

269 1079 346 1140 runt,
369 1072 437 1148 quid
449 1074 590 1147 optimum
603 1074 682 1132 iactu
705 1074 758 1130 sit:
779 1090 831 1146 pro
852 1090 884 1128 se
901 1072 1038 1147 quisque,
1060 1077 1092 1129 ut
1111 1072 1140 1130 iu

267 1188 380 1246 quoque
392 1175 454 1228 erat
467 1172 646 1230 auctoritatis
660 1172 823 1245 plurImum,
836 1172 874 1228 ad
893 1172 1034 1244 populum
1049 1174 1139 1246 loque

269 1270 367 1326 batur:
388 1270 526 1328 inventus
540 1275 584 1328 est
597 1287 693 1338 nemo,
706 1270 788 1343 cujus
803 1286 862 1326 non
882 1269 958 1326 haec
972 1275 1003 1326 et
1025 1273 1139 1326 senten·

270 1368 313 1427 tia
324 1375 401 1427 esset
416 1375 446 1427 et
459 1369 570 1429 oratio:
590 1367 626 1425 N
624 1386 660 1424 oa
669 1384 727 1424 ease
740 1365 924 1434 annumerans,
933 1364 960 1424 ai
969 1361 1052 1422 isitius
1060 1364 1139 1443 πία-

268 1465 345 1524 man
365 1467 456 1524 aceias
476 1464 662 1544 Lampsaceni
682 1463 736 1522 alti
756 1463 784 1521 ai
813 1482 953 1542 mannaque
985 1470 1084 1532 ment,
1102 1480 1137 1520 nc

268 1571 382 1623 ammas
389 1566 561 1642 popalusqaae
579 1565 726 1621 Roriam
738 1562 770 1620 in
788 1580 850 1620 eam
863 1561 1002 1620 maten
1014 1560 1136 1622 name

267 1660 424 1719 ommam
432 1668 555 1738 partam
596 1659 706 1723 Quodsi
723 1660 847 1738 lsocjara
867 1659 957 1735 legali
964 1660 1065 1738 popuii
1083 1661 1135 1717 Ra·

266 1757 345 1817 maai
368 1758 399 1815 ia
412 1758 500 1816 socios
513 1756 690 1834 nationcspae
702 1766 811 1816 calmas
823 1764 976 1828 aureatus,
995 1765 1028 1816 ut
1033 1755 1134 1836 pudici·

267 1855 497 1915 tiamiibercrrsm
509 1873 620 1914 amasse
634 1858 669 1914 ab
684 1854 906 1924 amuralibidine
927 1863 1020 1914 nomn
1040 1853 1134 1914 anali-

268 1964 355 2022 cerm
374 1955 480 2034 quiduis
493 1953 660 2035 easeprrpeti
673 1954 773 2023 saliua,
786 1971 870 2031 quain
879 1951 911 2010 ia
923 1960 1007 2018 imita
1020 1953 1049 2011 ai
1057 1961 1132 2032 ratque

268 2056 417 2113 acerbitato
426 2055 542 2113 vasari.
585 2057 667 2114 Haec
679 2073 744 2112 curn
755 2072 855 2112 omnes
866 2055 1022 2122 sentirent,
1033 2061 1064 2111 et
1073 2070 1134 2114 cum

267 2153 299 2208 in
313 2172 378 2209 eam
392 2155 532 2210 rationem
552 2171 665 2226 proauo
687 2153 804 2227 quisque
825 2170 912 2208 sensu
934 2169 970 2211 ac
985 2154 1083 2210 dolore
1097 2154 1132 2208 lo·

263 2256 413 2323 quereiam
434 2268 535 2306 omnes
549 2252 584 2306 ad
599 2269 664 2307 eam
679 2253 804 2317 domum,
818 2250 847 2307 in
862 2268 919 2324 qua
933 2251 990 2308 iste
1004 2253 1131 2316 deuersa-

266 2350 357 2417 batur,
372 2349 492 2422 proiecti
516 2355 598 2405 suut:
619 2353 742 2406 caedere
762 2351 884 2423 januam
908 2350 1001 2417 saxis,
1026 2350 1128 2407 instare

266 2447 349 2516 ferro,
370 2449 450 2522 ligna
463 2454 491 2504 et
513 2453 657 2505 sarmenta
677 2448 866 2515 circumdare,
880 2448 1039 2523 ignemque
1052 2446 1130 2521 subjl

266 2565 333 2605 cere
347 2553 513 2621 coeperunt.
556 2548 634 2603 Tum
648 2546 731 2603 cives
753 2545 886 2613 Romani,
900 2546 951 2621 qui
976 2542 1128 2620 Lampsaci

266 2647 495 2718 negotiabantur,
522 2649 712 2702 concurrunt:
748 2649 831 2701 orani
853 2646 1082 2718 Lampsacenos,
1101 2646 1130 2701 ui

264 2742 381 2819 gravius
393 2746 466 2816 apud
482 2763 531 2801 eos
547 2762 651 2800 nomen
661 2742 823 2816 legationis,
837 2761 923 2816 quam
937 2743 1048 2816 injuria
1060 2746 1129 2816 lega

265 2840 288 2898 ti
300 2847 464 2914 putaretur:
486 2861 549 2898 sese
561 2842 723 2915 intelligere
738 2841 883 2897 hominem
904 2840 991 2898 illum
1005 2860 1069 2899 esse
1082 2840 1128 2897 im·

264 2957 365 3012 purum
387 2959 421 2998 ac
443 2941 602 2998 nefarium:
632 2942 692 3006 sed,
714 2939 848 3012 quoniam
869 2955 926 2994 nec
955 2940 1128 3012 perfecisset,

263 3039 338 3107 quod
366 3044 485 3093 conatus
513 3045 597 3104 esset,
619 3055 713 3111 neque
739 3037 845 3092 iuturus
873 3041 953 3093 esset
975 3034 1128 3112 Lampsaci

263 3135 373 3202 postea,
387 3133 479 3188 levius
495 3151 591 3188 eorum
620 3126 771 3206 peccatum
792 3134 860 3200 sore,
885 3133 911 3190 si
931 3135 1048 3193 homini
1073 3150 1128 3191 scs·

262 3228 354 3282 lerato
387 3229 591 3299 pepercissent,
618 3249 703 3303 quam
727 3233 751 3288 si
778 3212 885 3305 legato·
902 3249 963 3289 non
989 3232 1128 3308 pepercis-

263 3329 336 3382 sent.
380 3325 430 3382 Sic
453 3325 517 3393 iste,
543 3329 632 3384 multo
652 3329 819 3388 sceleratior
838 3333 868 3385 et
890 3331 1023 3405 nequior,
1048 3346 1128 3407 quam

262 3425 313 3482 ille
342 3423 513 3491 Hadrianus,
541 3427 689 3500 aliquanto
712 3428 801 3485 etiam
828 3427 943 3484 felicior
976 3428 1043 3487 suit.
1070 3430 1127 3494 ille,

262 3524 338 3598 quod
351 3523 411 3594 ejus
432 3523 584 3581 avaritiam
604 3525 686 3583 cives
712 3525 835 3583 Romani
859 3525 934 3582 serre
957 3544 1020 3585 non
1035 3534 1129 3602 potue·

261 3627 335 3690 rant,
349 3621 455 3678 Uticae
473 3621 549 3677 domi
573 3641 641 3679 suae
656 3624 742 3681 vivus
764 3628 881 3681 exustus
901 3630 966 3682 est:
987 3627 1077 3702 idque
1091 3626 1130 3683 itt

259 3717 306 3777 llli
329 3721 432 3781 merito
447 3719 589 3779 accidisse
609 3721 806 3783 existimatum
830 3729 884 3794 est,
899 3729 931 3783 ut
953 3727 1131 3785 laetarentur
