2700 4675
305 528 369 589 334
651 520 843 571 rnvnaamr

305 676 436 730 nostros:
466 670 537 729 lecit
563 671 651 729 etiam
679 689 769 745 nuper
790 672 878 728 homo
904 664 1093 734 clarissimus,
1119 664 1174 724 Cn.

306 769 463 837 Domitius,
474 771 523 844 qui
539 771 581 827 M.
597 770 736 837 Silanum,
745 771 926 827 consularem
941 766 1046 833 virum,
1060 783 1177 821 aecusa-

306 867 352 924 vit
365 874 480 941 propter
493 870 667 943 Egritomari
690 866 879 940 Transalpini
900 864 1023 937 hospitis
1045 863 1175 935 injurias.

306 971 436 1039 putarem
448 984 493 1023 me
508 966 653 1034 idoneum,
664 968 714 1042 qui
723 968 888 1038 exemplum
901 981 1037 1037 sequerer
1047 960 1176 1017 humani-

306 1064 374 1120 tatis
393 1069 478 1138 atque
496 1065 594 1131 officii,
616 1081 862 1138 proponeremque
876 1079 958 1134 spem
973 1059 1045 1119 meis
1060 1057 1176 1132 hospiti·

306 1163 359 1219 bus
379 1181 414 1221 ae
436 1163 616 1231 necessariis,
640 1182 698 1239 quo
722 1164 858 1220 tutiorem
876 1160 1000 1219 ”vitam
1021 1178 1086 1216 sese
1111 1169 1180 1216 meo·

307 1261 450 1335 praesidio
474 1262 601 1320 victuros
622 1281 687 1321 esse
709 1263 922 1320 arbitrarentur.
953 1261 1028 1316 Cum
1051 1257 1174 1314 veroin

306 1362 506 1419 communibus
520 1362 632 1436 injuriis
648 1362 734 1419 totius
748 1362 925 1435 provinciae,
934 1358 1050 1415 Sthenii
1060 1374 1174 1431 quoque

307 1475 393 1515 eausa
408 1461 601 1529 contineatur,
614 1461 752 1536 multique
765 1478 824 1517 uuo
838 1466 965 1532 tempore
980 1475 997 1513 a
1012 1475 1059 1513 me
1079 1454 1175 1527 hospi·

306 1559 351 1611 tes
371 1562 456 1630 atque
477 1560 564 1616 amici
583 1557 731 1632 40publice
755 1558 945 1633 privatimque
964 1557 1175 1612 defendantur:

306 1652 436 1724 prolecto
461 1657 557 1712 vereri
581 1673 640 1713 non
662 1659 763 1725 debeo,
785 1676 823 1713 ne
843 1655 904 1730 quis
918 1656 981 1720 hoc,
996 1654 1072 1727 quod
1087 1653 1175 1722 lacio,

306 1767 365 1806 nou
390 1751 537 1810 existimet
563 1772 609 1811 me
634 1754 739 1812 summi
763 1754 852 1812 officii
879 1753 988 1811 ratione
1014 1751 1173 1825 impulsum

253 1847 294 1908 48
307 1855 495 1926 coactumque
509 1853 679 1927 suscepisse.
722 1854 830 1927 Atque,
850 1840 1056 1926 utaliquando
1081 1852 1118 1907 de
1133 1868 1174 1906 re·

307 1948 359 2004 bus
373 1952 409 2005 ab
423 1949 479 2006 isto
492 1951 627 2026 coguitis,
634 1951 839 2025 judicatisque,
853 1956 883 2007 et
903 1952 940 2007 de
959 1948 1081 2023 judiciis
1100 1948 1175 2005 datis

307 2045 405 2103 dicere
419 2048 588 2106 desistamus
596 2057 657 2118 eet,
671 2049 807 2124 quoniam
821 2050 899 2107 lacta
912 2049 996 2106 istius
1009 2049 1041 2105 in
1055 2048 1109 2124 {his
1129 2064 1176 2121 ge·

306 2143 422 2198 neribus
444 2145 559 2201 infinita
582 2151 657 2215 sunt,
684 2166 736 2204 nos
757 2148 873 2205 modum
894 2148 1031 2223 aliquem,
1046 2152 1076 2204 et
1089 2148 1174 2203 finem

305 2240 428 2296 orationi
454 2246 577 2306 nostrae,
598 2245 824 2311 criminibusque.
848 2245 1006 2305 faoinmnsz
1027 2263 1119 2312 pauca
1136 2259 1173 2299 ex

305 2338 370 2394 aliis
384 2339 536 2412 generibus
550 2356 703 2397 sumemus.

347 2438 478 2495 Audistis
493 2440 530 2494 ob
541 2440 590 2512 jus
613 2438 780 2506 dicundum,
795 2438 831 2510 Q.
846 2438 971 2495 Varium
985 2439 1093 2508 dicere,
1113 2459 1174 2514 pro·

304 2541 449 2593 curatores
463 2554 528 2592 suos
541 2536 588 2592 isti
604 2543 722 2593 eentum
736 2541 765 2592 et
779 2536 897 2611 triginta
917 2537 1011 2593 millia
1026 2537 1170 2596 nummrim

304 2632 433 2690 dedisse:
455 2634 627 2691 meministis
650 2636 687 2706 Q.
709 2633 794 2691 Varii
819 2634 1031 2704 testimonium,
1055 2655 1170 2712 remque

303 2729 380 2787 hanc
402 2736 492 2789 totum
506 2732 540 2790 O.
559 2732 733 2800 Sacerdotis,
747 2732 871 2790 hominis
892 2733 1080 2802 ornatissimi,
1095 2735 1171 2792 testi·

303 2830 401 2886 monio
412 2832 606 2905 comprobari:
627 2832 719 2899 scitis,
731 2830 749 2862 ⁴¹
760 2830 816 2888 Cn.
828 2831 963 2899 Sertium,
975 2832 1019 2889 M.
1032 2832 1171 2901 Modium,

302 2927 412 2999 equites
427 2930 582 2997 Romanos,
593 2936 748 2988 sexcentos
759 2933 906 3003 praeterea
916 2930 1002 2987 cives
1014 2931 1170 2999 Romanos,

301 3027 461 3096 multosque
485 3027 608 3090 Siculos,
630 3027 749 3095 dixisse,
763 3045 794 3083 se
815 3026 863 3083 isli
887 3028 1047 3098 pecuniam
1069 3032 1108 3086 ob
1125 3031 1172 3103 jus

300 3116 457 3175 dicundum
477 3123 599 3178 dedisse.
643 3124 690 3178 De
704 3143 760 3197 quo
781 3124 903 3181 crimine
917 3125 985 3198 quid
1005 3145 1063 3201 ego
1076 3128 1169 3202 dispu-

301 3217 369 3281 tem,
384 3231 450 3271 cum
464 3217 494 3273 id
509 3223 599 3274 totum
613 3219 738 3290 positum
752 3223 789 3279 sit
803 3220 987 3281 intestibus?
1007 3225 1078 3299 quid
1092 3243 1172 3299 porro

330 3366 353 3398 ³⁹
367 3367 437 3413 uitem
446 3368 563 3473 victoresq
590 3371 655 3418 Nihil
666 3374 709 3419 hoc
718 3374 769 3443 loeo
778 3375 859 3444 clqrius
869 3376 898 3421 sd
911 3373 1091 3447 intelligendum,
1102 3377 1125 3424 in
1134 3379 1172 3423 hse

301 3428 372 3472 torma
382 3426 547 3489 loquend1,qua
556 3445 574 3476 rs
585 3431 639 3476 haec
649 3436 690 3486 est,
701 3436 770 3477 oum
784 3447 864 3491 vacere,
882 3432 967 3479 nullan
986 3436 1104 3496 emphasrn
1122 3450 1173 3483 esse.

300 3485 380 3544 ltaque
386 3486 494 3531 studiosos
505 3488 654 3536 admonendos
666 3489 726 3536 duxi.

328 3562 350 3594 4⁰
363 3564 451 3619 publice
458 3566 606 3625 privatimque
616 3569 784 3628 defenduntur]
807 3569 918 3627 Singulari
937 3572 1006 3617 modo
1022 3572 1106 3620 dieitur
1116 3574 1138 3619 h.
1154 3573 1168 3620 l

255 3666 258 3671 ,
296 3621 385 3676 publice
397 3623 550 3684 privatimqrw,
561 3639 640 3686 nempe
649 3627 742 3687 privatis
752 3628 891 3690 publicisque
900 3629 930 3675 de
943 3630 1022 3677 causis.

310 3699 347 3766 ‚⁴²¹
364 3699 534 3768 Ceteram]
564 3703 674 3764 Nuspiam
689 3704 773 3756 Sertios
788 3707 861 3773 reperi
870 3711 968 3756 notatos
1000 3706 1169 3758 Vereornsvt

175 3770 215 3889 ἢ
298 3757 379 3806 tuan
388 3763 512 3817 sitnoaren.

175 3952 199 4053 ,²
