2700 4675
553 560 789 619 PRAEFATIO„
1019 581 1096 644 xm

228 720 451 787 &osismios
476 727 510 783 et
538 717 759 793 Pannonius,
789 714 845 780 vix
871 715 1023 795 dubitem,
1039 719 1097 784 hos

227 800 322 871 salli
333 808 514 894 exemplum
524 805 711 891 repetiisse:
736 803 889 886 inquere
904 824 961 867 nos
977 814 1099 870 certum

225 892 343 957 docere
373 891 531 981 potuisset
560 888 725 965 Quirinus
741 888 933 966 cardinalis,
947 890 973 953 si
1003 891 1034 953 in
1063 891 1100 955 li·

225 978 295 1055 bro,
319 979 360 1041 de
386 976 513 1065 optimis
535 975 728 1061 scriptorum
751 974 959 1052 editionibus,
983 976 1038 1040 ubi
1061 998 1101 1064 p.-

166 1130 169 1136 ,
224 1067 302 1125 432.
332 1061 609 1147 Sveinhemianum
636 1058 818 1147 exemplum
847 1061 989 1147 primum·
1009 1063 1097 1141 iacit,

226 1149 380 1213 voluisset
405 1170 462 1213 nos
487 1148 615 1223 docere,
638 1168 679 1210 an
694 1155 728 1210 et
742 1147 819 1231 quid
835 1146 1006 1212 interesset·
1016 1145 1099 1214 inter
1155 1165 1157 1167 ’

225 1241 395 1319 utrumque
421 1235 622 1320 exemplum3
646 1234 732 1317 quod
752 1233 795 1296 illi
809 1233 902 1297 facile
917 1239 1097 1314 erat'laotu,

225 1339 299 1385 cum
315 1322 382 1385 sine
397 1319 495 1385 dubio
510 1319 674 1402 utriusque
695 1319 842 1383 editionis
858 1322 1037 1405 exemplum
1057 1322 1100 1387 sit

225 1405 258 1471 in
273 1407 432 1472 Vaticana
446 1414 501 1470 aut
516 1406 583 1469 aliis
599 1404 750 1469 Romanis
770 1406 991 1469 bibliothecis.¹
1021 1407 1098 1470 Edi·

225 1500 276 1559 ne
291 1502 366 1580 post
381 1500 454 1557 sunt
469 1491 618 1556 Venetiis
636 1492 730 1553 1474.
746 1492 769 1555 t‘.
787 1489 875 1557 aJo.
889 1491 928 1555 de
945 1491 1097 1572 Colonia,

224 1601 318 1663 quam
341 1580 638 1662 editionem,„nuper
653 1578 685 1639 in
699 1576 829 1640 Batavis
845 1584 968 1654 emtam,
985 1600 1099 1661 cogno-

223 1666 326 1729 vimus
352 1686 468 1730 meram
498 1684 570 1727 esse
587 1663 748 1727 Romanae
778 1663 871 1740 illius,
903 1662 1099 1729 Sveinbemi·

222 1773 312 1828 auae,
327 1751 558 1837 repetitionem.
599 1748 721 1814 Secuta
732 1756 782 1813 est
793 1749 946 1813 Vicetina
957 1772 986 1812 a.
1003 1756 1096 1815 1488.

223 1838 247 1901 i.
262 1859 337 1912 cum
361 1836 567 1903 Maturoutii
593 1835 827 1912 commentario,
851 1835 943 1920 cujus
964 1858 1098 1900 comme-

215 1925 368 1999 moratio,
394 1922 503 1986 nescio
527 1922 696 2005 quomodo,
722 1943 764 1985 nu
789 1941 823 1983 er
849 1921 881 1985 in
898 1922 1099 1986 Bibliotheca

226 2008 414 2072 Fabriciana
423 2005 557 2082 excidit,
567 2027 640 2068 cum
651 2006 713 2091 ipsi
723 1942 895 2069 babeamus
910 2014 991 2071 asat
1005 2007 1098 2091 longo

224 2102 367 2180 tempore
398 2091 468 2176 ejus
495 2092 693 2177 exemplum·
745 2090 853 2175 Hujus
882 2099 989 2156 textus
1023 2093 1099 2164 item

223 2180 381 2244 rarissime
398 2179 437 2242 ab
464 2178 515 2241 illa
537 2176 613 2254 abit,
639 2176 698 2240 sed
724 2178 791 2240 abit
812 2185 918 2241 tamen
943 2178 1098 2263 aliquibus

222 2266 313 2343 locis,
339 2266 391 2329 vel
417 2263 571 2329 correctis
595 2262 680 2327 vitiis
705 2263 905 2339 evidentibus
930 2286 1096 2350 operarum

223 2363 277 2416 aut
291 2352 497 2427 librariorum,
523 2353 575 2414 vel
600 2351 691 2415 novis
713 2351 901 2414 lectionibus
925 2352 1097 2415 inductisa

223 2437 454 2513 Muturcntio,
472 2437 529 2520 qui
552 2443 587 2499 ct
610 2436 641 2499 in
666 2436 860 2522 praelatione
887 2437 941 2511 ait,
957 2457 991 2498 se
1006 2439 1097 2521 plura

222 2524 301 2591 vitia
330 2524 512 2586 sust-ulisse.
553 2521 635 2584 Eam
671 2527 782 2581 secula
807 2520 941 2582 maxime
970 2521 1097 2586 videtur

223 2607 484 2681 mediolanensis,
511 2626 591 2687 quae
616 2604 830 2668 correctiones
857 2605 1008 2689 quasdam
1024 2628 1097 2671 cum

224 2716 263 2758 ea
278 2712 459 2766 communes
474 2691 582 2755 habet.
606 2691 671 2753 vid.
687 2711 719 2752 e.
736 2711 766 2752 c.
784 2690 884 2764 XIV,
903 2695 953 2754 ll.
999 2692 1097 2757 Primi

224 2779 352 2866 quidem
368 2778 408 2840 de
432 2784 521 2841 textu
537 2777 646 2839 harum
670 2776 843 2840 orationum
858 2777 1019 2860 insigniter
1033 2801 1096 2842 me·

223 2887 316 2932 suere
333 2864 558 2948 Hieronymus
567 2861 765 2938 Ferrarius,
778 2861 928 2947 Muretus
943 2873 977 2927 et
991 2862 1100 2929 Fuis-

223 2974 297 3031 σιω,
324 2952 373 3016 usi
390 2951 555 3012 Vaticano.
573 2949 789 3032 antiquissimo
814 2955 847 3010 et
869 2949 988 3034 optimo
1003 2951 1103 3029 libro,

222 3039 360 3124 itemque
376 3037 465 3100 aliis:
489 3056 547 3099 uec
563 3043 666 3099 tamen
678 3057 697 3096 a
712 3033 903 3118 conjecturis
919 3035 961 3097 illi
982 3037 1073 3100 alieni
1083 3060 1104 3115 3,

223 3145 411 3209 sonumque,
436 3121 622 3207 praesertim
647 3118 787 3196 Foi'rni,
814 3121 1058 3185 correctionibus
1074 3144 1101 3186 a·

223 3211 362 3275 Graevio
377 3208 481 3272 multis
504 3206 581 3270 locis
608 3215 715 3269 textus
730 3207 875 3286 vulgatus
899 3208 1092 3273 emendatior

223 3305 273 3359 est
288 3299 401 3360 iactus.-
448 3294 532 3357 Nam
549 3292 706 3356 (imotenus
722 3292 849 3375 quidem
869 3293 997 3357 istorum
1012 3294 1099 3358 viro·

223 3400 293 3444 rum
318 3390 407 3444 notas
429 3380 555 3443 videtur
574 3379 745 3462 ignorasse.
775 3399 879 3461 neque
904 3379 987 3442 enim
1017 3380 1127 3444 anti-s
1157 3413 1161 3428 ε

224 3468 374 3552 quissimo
389 3468 468 3529 libro
484 3464 643 3527 Vaticano
657 3464 734 3527 nihil
749 3464 921 3527 tributurus
937 3473 1014 3528 erat.

268 3553 318 3615 lta
339 3552 492 3637 expositis
515 3558 548 3613 et
573 3549 742 3634 descriptis
769 3549 936 3634 praesidiis
948 3551 1101 3616 omnibus⁴
1157 3611 1161 3619 .

222 3638 304 3702 bene
330 3636 536 3701 concionandi
558 3635 905 3713 textus-Ciceroniani,
924 3658 1004 3720 quae
1025 3636 1102 3720 qui·
1162 3684 1164 3689 -

223 3725 330 3788 doma
351 3721 439 3787 libris
460 3720 559 3789 ¹editis
586 3742 656 3783 esse
683 3729 845 3805 possunt:v
870 3730 1035 3804 antequam
1050 3716 1118 3785 ad:

221 3812 352 3875 ultorum
363 3807 573 3892 genus,.,quod
583 3807 709 3872 inlibris
724 3807 1100 3894 scriptis.est,.progredb
1144 3856 1147 3862 -

261 3935 331 3976 v-oc.
347 3935 389 3974 ιν.
706 3918 725 3970 2
737 3912 755 3949 ⁴¹²
