2700 4675
275 496 337 564 132
645 495 770 548 omme

272 646 398 708 consilii.
450 645 527 721 Quid
553 645 684 708 deinde?
713 647 910 722 Posteaquam
934 662 973 705 se
1002 649 1147 722 praeclare

271 746 466 817 confirmavit,
489 746 573 805 venit
593 747 631 804 ad
653 745 801 804 Cluvium.
851 745 951 818 Quem
979 746 1147 807 nominent

272 844 391 906 levem?
418 847 507 905 immo
528 845 740 921 gravimimum.
768 842 933 903 mobilem?
962 844 1058 906 immo
1083 863 1144 906 con·

272 945 488 1011 stantissimum,
496 940 689 1003 familiarem?
708 942 1034 1004 immoulienissimum.
1062 946 1143 1004 Huus

271 1043 712 1119 posteaquamsalulavitrogare
723 1039 944 1115 coepitblande
951 1047 984 1100 et
991 1044 1141 1111 concinne.

270 1143 401 1201 seilicet:
422 1142 545 1201 mentire
559 1158 625 1198 mea
637 1157 735 1208 causa,
746 1141 818 1199 viris
828 1139 958 1214 optimis,
974 1141 1032 1199 luis
1048 1141 1141 1200 lumili-

270 1242 365 1302 aribus
387 1241 601 1317 praesentibus3
631 1239 691 1307 dic,
715 1238 854 1297 Flavium
875 1255 946 1296 cum
969 1240 1089 1299 Fannio
1105 1241 1137 1297 ds

272 1345 406 1419 Panurgo
429 1341 583 1408 decidisse,
608 1338 657 1415 qui
683 1338 759 1397 nihil
782 1336 943 1411 transegit3
975 1337 1046 1396 dic:
1079 1338 1136 1398 Iis

272 1461 392 1503 ccomoo
413 1443 538 1508 dedisse,
551 1438 601 1514 qui
622 1454 716 1494 assem
736 1437 847 1494 nullum
861 1434 956 1493 dedit.
1000 1437 1081 1510 Quid
1094 1437 1138 1496 ills

269 1538 438 1615 respondit?
458 1541 523 1613 Ego
542 1555 613 1594 vero
632 1536 737 1609 cupide
758 1540 788 1592 et
805 1532 935 1592 libenter
955 1535 1138 1594 mentiartm

270 1656 374 1706 eausa3
395 1642 435 1705 et,
448 1638 474 1694 si
488 1636 602 1709 quando
614 1651 661 1691 me
677 1634 723 1691 vis
737 1633 877 1707 pejerare,
890 1637 923 1689 ut
938 1636 1100 1708 paullulum
1111 1639 1137 1692 lu

268 1734 436 1809 compendii
448 1734 549 1801 facias,
563 1739 693 1806 paralum
711 1733 771 1790 lore
785 1731 878 1790 scito:
898 1749 963 1790 non
977 1728 1035 1792 fnit
1048 1749 1137 1800 mma.

267 1854 321 1895 cur
334 1838 445 1892 tantum
459 1834 586 1890 laborem
608 1849 737 1905 caperes,
759 1836 789 1888 et
811 1833 847 1889 ad
869 1848 917 1889 me
932 1832 1073 1890 venires:
1092 1848 1137 1906 per

269 1935 402 1995 nuntium
415 1934 481 2001 hoc,
494 1934 570 2007 quod
583 1937 645 1989 erat
658 1935 718 1987 tam
736 1932 813 1998 leve,
827 1930 992 2005 transigere
1012 1930 1135 2007 posuisti.

217 2031 257 2093 17
270 2035 346 2094 Proh
360 2034 446 2090 deum
459 2032 663 2105 hominumque
676 2030 779 2088 iidem!
801 2029 857 2086 hoc
875 2034 927 2087 sut
941 2030 1070 2090 Roscius
1082 2046 1135 2089 um·

268 2147 354 2205 quam
367 2148 385 2185 a
398 2129 507 2187 Cluvio
524 2126 544 2159 ⁴¹
555 2128 685 2200 petisset,
705 2128 730 2185 si
745 2129 808 2187 H·S
822 2128 931 2186 millies
946 2129 980 2188 in
994 2129 1133 2204 judicium

267 2222 407 2284 haberet?
427 2230 477 2281 sut
491 2224 614 2281 Cluvius
635 2226 744 2284 Roscio
767 2226 880 2300 pelenti
893 2224 1134 2298 conuenissent

267 2324 420 2385 universae
440 2324 563 2398 praedae
576 2324 722 2399 particeps
740 2322 840 2385 esset?
859 2325 926 2385 Vix
940 2327 1132 2387 medianam

267 2431 308 2497 lu,
323 2424 429 2493 Fauni,
443 2441 460 2482 a
474 2422 619 2493 Ballione,
634 2429 684 2481 aut
706 2425 804 2500 aliquo
821 2418 882 2498 ejus
903 2425 998 2487 simili
1019 2429 1077 2486 hoc
1090 2443 1132 2485 ex·

266 2528 410 2600 postulare
424 2525 553 2590 auderes,
567 2529 597 2579 et
616 2523 769 2595 impetrare
791 2541 898 2597 posses,
912 2527 994 2599 quod
1013 2543 1081 2585 cnm
1092 2525 1131 2582 est

267 2623 389 2680 veritate
409 2622 520 2688 salsum,
542 2627 601 2680 tum
620 2623 731 2679 ratione
753 2640 863 2698 quoque
886 2628 932 2680 est
954 2624 1131 2684 incredibile·

266 2720 433 2778 obliviscor
446 2720 533 2786 enim,
547 2721 685 2777 Roscium
699 2726 729 2778 et
744 2721 880 2778 Cluvium
900 2720 985 2781 viros
999 2741 1066 2783 esse
1083 2721 1131 2799 prl-

264 2819 384 2878 marios:
406 2818 549 2892 improbos
560 2819 696 2891 temporis
710 2837 797 2876 causa
807 2838 870 2876 esse
881 2819 974 2894 fingo.
1017 2823 1128 2883 Falsum

264 2917 433 2976 subornavit
456 2923 560 2975 testem
583 2917 705 2974 Roscius
725 2917 872 2974 Cluvium.
893 2935 950 2978 cur
970 2925 1035 2980 tam
1053 2914 1130 2979 sero!

264 3034 323 3084 cur,
336 3034 403 3074 cum
417 3019 507 3072 altera
528 3015 630 3089 pensio
651 3017 793 3072 solvenda
806 3021 892 3084 esset,
904 3032 970 3077 non
984 3024 1059 3089 tum,
1071 3032 1129 3077 cun

263 3165 379 3234 Gmtems,
395 3179 460 3234 quem
475 3165 573 3235 imitatus
588 3166 753 3237 sslntiraerius.
784 3167 835 3224 Ego
848 3168 960 3236 posterius
976 3176 1068 3243 semim
1081 3184 1128 3243 φ,

263 3225 1129 3361 sterlmmlllszlllloulatdlssluaalmt

262 3343 1128 3468 lidda{tilllllllllllllllltlll‘ffiallm'sm

261 3464 308 3507 est:
324 3459 360 3504 hrc
369 3471 462 3516 primum
471 3459 542 3517 coepit
551 3459 680 3520 improbitas
694 3459 761 3505 animi
771 3463 795 3503 et
803 3458 878 3518 inopia
887 3459 979 3517 ingenii,
995 3478 1028 3511 sc„
1041 3466 1064 3512 in

261 3518 338 3566 nendo
348 3514 446 3568 consilio,
458 3531 481 3560 se
489 3531 594 3563 exserere.
611 3534 661 3564 uum
671 3520 778 3564 nnserunr
785 3517 904 3575 ingenium
913 3525 979 3567 certe
988 3528 1034 3581 est,
1108 3520 1128 3565 ἰ

260 3575 356 3624 consiliis
366 3573 503 3620 inveniendis
514 3575 579 3620 hebes
589 3582 629 3621 est.
654 3577 705 3623 Nisi
714 3576 853 3622 vernonem
863 3577 952 3637 scripsit
962 3582 1030 3627 nulls·
1039 3577 1127 3633 unffi,

259 3643 328 3696 utque
337 3649 365 3680 cx
372 3647 400 3679 co
409 3634 491 3677 sactum
502 3640 536 3677 est
545 3635 606 3679 nulli
614 3650 670 3682 cans.
703 3637 729 3683 ld
738 3636 826 3697 quidem
836 3634 893 3680 bene
902 3639 1047 3689 conversim.

287 3715 307 3746 ⁴¹
322 3711 424 3772 petinet]
456 3709 492 3756 Sic
502 3709 561 3779 edidi
573 3725 613 3779 pm
620 3714 715 3767 petiisset
725 3730 751 3769 ex
760 3713 810 3760 edd.
821 3728 855 3774 pr.
871 3728 924 3760 mox
935 3713 998 3765 idem
1008 3713 1130 3779 estre&

259 3771 301 3818 hec
310 3771 356 3832 ipso
365 3771 447 3833 capite,
458 3773 481 3816 cl
491 3769 567 3817 multra
575 3769 624 3816 aliis
635 3771 695 3819 locis.
