2700 4675
574 530 754 581 mleA'rlo.
783 547 785 552 ·
1042 521 1099 596 14'1

222 692 365 735 necesse:
384 690 447 743 ecs,
459 676 510 752 qni
529 677 643 746 adsunt,
666 678 837 751 appellabo:
858 692 938 751 quos,
950 675 978 733 si
998 676 1103 735 menti.

222 790 280 840 rer,
301 778 392 831 testes
415 792 480 830 esse
503 774 701 847 impudentiae
727 790 810 830 meae
837 774 959 831 minime
983 775 1102 831 veliem.

226 870 294 927 Scit
314 871 349 938 is,
374 870 490 945 quiesi
516 872 549 929 in
571 871 707 937 consilio,
730 872 766 928 C.
781 871 958 930 Marcellus:
979 871 1036 929 scit
1068 871 1105 935 is,

228 985 317 1042 quem
340 969 443 1026 adesse
458 968 555 1036 video,
574 969 631 1026 On.
646 969 788 1027 Lentulus
809 969 1016 1028 Marcellinus:
1038 987 1105 1044 quu-

230 1082 297 1121 rum
305 1066 362 1121 fide
373 1069 459 1140 atque
468 1066 611 1139 praesidio
626 1066 719 1124 Siculi
732 1067 861 1125 maxime
874 1068 1014 1137 nituntur,
1028 1068 1105 1143 quod

230 1163 353 1220 omnino
378 1162 581 1233 Marcellorum
608 1165 719 1226 nomini
744 1170 805 1222 totu
824 1165 877 1223 ilia
890 1166 1042 1240 provincia
1055 1167 1105 1225 ad-

225 1258 333 1333 juncta
349 1265 402 1318 est.
442 1262 484 1320 Hi
496 1264 602 1331 sciunt,
620 1264 678 1321 hcc
699 1280 759 1320 non
780 1265 866 1320 modu
885 1280 964 1321 ame
978 1265 1104 1338 petitum

228 1374 303 1426 esse,
315 1360 366 1417 sed
381 1359 423 1417 iia
441 1378 529 1434 saepe
542 1367 573 1418 et
586 1361 628 1418 ita
642 1362 836 1418 vehementer
848 1378 913 1417 esse
927 1361 1059 1434 petitum,
1074 1366 1107 1419 ut

230 1461 281 1514 aut
307 1475 394 1516 causa
414 1459 488 1516 mihi
506 1459 695 1532 suscipienda
719 1457 885 1525 suminam
904 1458 1031 1517 officium
1057 1478 1107 1517 ne·

230 1557 418 1615 cessitudinis
438 1557 656 1632 repudiandum.
701 1558 761 1614 Sed
774 1558 843 1633 qnid
859 1575 914 1631 ego
926 1557 972 1614 his
986 1558 1106 1616 testibus

230 1660 305 1722 utor,
328 1657 411 1730 quasi
432 1674 478 1714 res
500 1656 589 1715 dubia
604 1661 654 1713 aut
666 1658 789 1714 obscura
805 1654 866 1714 sit?
886 1657 1003 1715 Adsunt
1016 1657 1107 1715 humi·

231 1770 286 1811 nes
299 1771 338 1810 ex
353 1759 415 1811 iota
434 1755 587 1829 pruvincia
611 1754 793 1823 nobilissimi,
809 1755 858 1829 qui
872 1760 1038 1828 praesentes
1052 1773 1106 1814 vos

231 1855 319 1906 orant
345 1856 431 1925 nique
457 1855 622 1919 obsecrant,
638 1853 764 1923 judices,
777 1858 810 1908 ut
836 1853 867 1909 in
890 1858 988 1910 actore
1001 1871 1107 1911 causae

236 1964 307 2003 suae
330 1948 486 2021 deligendo
510 1955 640 2006 vestrum
658 1948 803 2019 judicium
827 1950 864 2005 ab
883 1950 1056 2022 suajudicic
1070 1968 1108 2007 ne

235 2043 393 2116 discrepet.
435 2045 573 2103 Omnium
596 2045 752 2103 civitatum
766 2046 854 2103 tutius
882 2046 1002 2106 Siciliae
1030 2049 1107 2121 iega-

238 2140 335 2199 tioues
349 2143 461 2211 adsunt,
470 2148 583 2216 praeter
596 2145 667 2215 duas
680 2144 832 2203 civitates:
852 2163 971 2223 quarum
980 2147 1108 2216 duarum,

237 2239 268 2299 si.
284 2241 428 2309 adessent,
448 2245 505 2301 duc
526 2244 650 2302 crimina
679 2248 728 2304 vei
752 2249 880 2305 maxima
904 2247 1108 2314 minuerentur,

237 2357 310 2416 quae
325 2361 392 2401 cnm
404 2343 449 2403 his
464 2344 635 2402 civitatibus
649 2345 685 2403 O.
701 2346 788 2403 Verri
798 2348 1015 2404 communicata
1032 2350 1108 2403 suni.

238 2441 283 2499 At
293 2441 373 2500 euim
386 2460 438 2501 cur
451 2460 468 2499 a
479 2461 526 2500 me
541 2443 723 2516 potissimum
741 2445 798 2499 huc
812 2444 988 2515 praesidium
1001 2443 1112 2516 petive-

238 2537 326 2596 runt?
356 2541 389 2597 Si
411 2546 489 2596 esset
512 2541 640 2606 dubium,
653 2541 797 2608 petissent
819 2558 838 2592 a
857 2559 906 2593 me
930 2540 1113 2606 praesidium,

239 2652 346 2702 necne,
371 2631 509 2701 dicerem,
532 2650 584 2690 cur
604 2632 754 2707 petissent.
796 2633 884 2691 Nunc
898 2651 977 2714 veru,
1002 2651 1068 2692 cum
1081 2637 1111 2695 id

242 2736 288 2793 ita
301 2733 485 2807 perspicuum
499 2732 545 2798 sit,
564 2737 596 2789 ut
609 2731 702 2788 oculis
709 2731 844 2804 judicare
857 2732 991 2805 possitis:
1011 2735 1112 2793 nescio

241 2850 295 2892 cur
308 2834 364 2889 hoc
377 2831 450 2888 mihi
464 2831 639 2887 detrimento
659 2848 723 2885 esse
737 2831 851 2898 debeat,
869 2831 895 2887 si
915 2831 945 2887 id
958 2832 1031 2888 mihi
1044 2833 1114 2906 obji-

242 2931 344 2999 ciatur,
358 2949 404 2988 me
413 2926 595 3004 putissimum
604 2947 668 2986 esse
679 2930 834 2986 delectum.
859 2986 863 2992 ,
876 2929 987 2986 Verum
1001 2930 1032 2986 id
1042 2931 1114 2988 mihi

242 3047 301 3088 nou
315 3049 404 3098 sumo,
412 3030 538 3104 judices,
552 3034 582 3087 et
595 3032 651 3086 hoc
669 3046 727 3086 uon
741 3030 827 3086 modo
848 3029 879 3086 iu
905 3028 1034 3086 oratione
1048 3048 1113 3089 mea

242 3145 304 3186 nun
313 3146 399 3199 punc,
412 3130 464 3186 sed
478 3147 516 3186 ne
529 3129 560 3185 in
571 3128 709 3202 opinione
723 3128 839 3203 quidem
850 3129 1018 3203 cujusquam
1028 3130 1113 3189 relin-

242 3243 310 3302 quo,
324 3243 371 3282 me
384 3226 516 3283 omuibus
528 3227 655 3299 patronis
669 3244 733 3282 esse
743 3228 947 3299 praepositum.
988 3228 1017 3284 N
1019 3246 1058 3286 cn
1071 3229 1114 3286 iis

242 3326 291 3380 est
305 3341 312 3375 :
332 3322 384 3378 sed
397 3322 620 3397 uniuscujusque
642 3324 789 3396 temporis,
802 3324 982 3393 valitudinis,
995 3326 1114 3384 faculta-

244 3422 285 3479 tis
312 3422 350 3476 nd
376 3423 629 3494 agendum,ducia
654 3423 728 3479 ratio
741 3426 795 3479 est.
836 3420 907 3480 Mea
925 3423 980 3481 suit
1002 3440 1116 3496 semper

244 3523 322 3579 haec
336 3519 368 3576 in
382 3520 438 3576 hac
451 3537 481 3577 re
492 3522 628 3578 voluntas
649 3525 681 3577 et
700 3521 855 3590 sententia,
868 3523 1000 3597 quemvis
1013 3527 1046 3578 ut
1058 3523 1115 3576 hoc

245 3620 367 3677 mallem
381 3618 418 3674 de
432 3616 478 3685 iis,
487 3617 536 3691 qui
549 3623 647 3674 essent
659 3617 769 3687 idonei,
781 3620 936 3693 suscipere,
947 3637 1033 3696 quam
1045 3634 1092 3674 me
1108 3636 1115 3671 ι

247 3734 297 3774 me
309 3721 341 3774 ut
351 3717 479 3783 mallem,
492 3731 578 3791 quam
589 3715 744 3778 neminem.
784 3714 1074 3795 Reliquum-estjam,
1084 3713 1146 3772 uti
