2700 4675
451 605 523 655 AOT.
540 606 569 656 ll.
585 605 683 656 umen
697 604 872 657 secundus.
1030 602 1093 665 808

224 751 346 821 praetor,
366 764 433 809 cum
456 754 580 812 consilio
601 774 632 813 re
651 756 779 830 cognita,
804 770 871 811 cum
897 747 1093 823 comperisset,

224 864 307 903 suum
336 851 482 918 comitem,
510 853 593 924 juris,
616 854 735 922 decreti,
760 851 868 926 judicii
892 844 1094 920 corrumpendi

223 960 319 1013 causa,
333 964 389 1022 qua
403 948 433 1005 in
448 967 478 1005 re
497 949 585 1022 ipsius
607 952 744 1024 praetoris
759 955 846 1024 caput
860 946 1093 1019 existimatioque

223 1027 364 1120 agei-etur,
378 1049 531 1121 pecuniam
553 1050 710 1123 accepisse,
733 1050 853 1108 Bidinos
874 1053 971 1106 autem
992 1050 1093 1102 contra

224 1145 363 1217 praetoris
378 1147 484 1204 lamam
498 1165 532 1205 ac
547 1148 673 1206 fortunas
692 1150 816 1217 dedisse,
836 1165 895 1205 non
916 1152 946 1202 et
967 1129 1092 1210 ineam,

221 1243 271 1318 qui
285 1245 454 1318 accepisset,
468 1248 716 1316 animadvertisse,
736 1254 774 1315 et,
795 1248 904 1312 ineos,
926 1243 975 1318 qui
999 1240 1092 1298 dedis·

223 1340 310 1399 sent?
331 1344 389 1411 Tu,
410 1345 458 1419 qui
478 1346 642 1402 institueras
663 1347 695 1401 in
715 1364 765 1401 eos
785 1343 1026 1407 animadvertere,
1044 1338 1095 1412 qui

221 1456 371 1512 perperam
396 1443 587 1515 judicassent,
607 1444 684 1516 quod
705 1459 792 1515 saepe
809 1459 860 1515 per
872 1437 1094 1512 imprudentiam

222 1537 270 1594 fit:
292 1540 344 1595 hos
358 1542 464 1613 pateris
478 1541 595 1613 impune
609 1540 768 1609 discedere,
781 1538 830 1616 qui
849 1540 886 1596 ob
906 1543 986 1595 tuum
996 1538 1094 1593 decre·

223 1640 294 1705 tum,
314 1642 351 1695 ob
372 1644 451 1696 tuum
468 1640 620 1712 judicium,
642 1640 796 1713 pecuniam
819 1643 868 1697 aut
888 1638 1022 1705 dandam,
1043 1639 1094 1693 aut

227 1737 427 1810 accipiendam
439 1735 594 1811 putarant?
610 1738 759 1797 Volcatius
774 1739 851 1797 idem
864 1738 940 1811 apud
953 1741 982 1794 te
993 1742 1094 1810 postea

226 1834 288 1902 luit,
303 1854 388 1910 eques
404 1838 560 1904 Romanus,
575 1843 656 1894 tanta
669 1842 792 1910 accepta
804 1836 973 1911 ignominia.
1015 1836 1043 1891 N
1046 1851 1093 1891 am
1102 1835 1145 1895 24

223 1932 292 2007 quid
306 1939 350 1990 est
363 1934 471 2005 turpius
490 1934 627 2007 ingenuo,
647 1934 716 2007 quid
736 1934 831 1991 minus
852 1932 943 1988 libero
964 1931 1093 2004 dignum,

222 2048 308 2107 quam
321 2032 353 2087 in
367 2034 514 2087 conventu
530 2031 658 2087 maximo
677 2030 744 2105 cogi
765 2047 783 2087 a
802 2029 969 2103 magistratu
988 2026 1094 2086 lurtum

220 2126 365 2186 reddere?
385 2129 443 2203 qui,
454 2128 479 2185 si
490 2147 525 2186 eo
539 2129 637 2187 animo
650 2136 736 2198 esset,
750 2146 807 2205 quo
820 2146 879 2186 non
900 2127 986 2185 modo
1005 2144 1092 2202 eques

222 2226 379 2295 Romanus,
393 2228 443 2283 sed
464 2227 560 2303 quivis
580 2228 654 2286 liber
673 2230 761 2287 debet
785 2247 868 2298 esse,
889 2226 1038 2300 adspicere
1062 2231 1091 2284 ts

221 2330 322 2401 postea
337 2345 395 2384 non
410 2326 558 2400 potuisset,
570 2328 717 2398 inimicus,
731 2328 821 2387 hostis
833 2332 919 2395 esset,
929 2331 1012 2384 tanta
1024 2344 1093 2383 con·

222 2426 342 2482 lumelia
355 2425 557 2505 acceptanisi
568 2431 664 2483 tecum
685 2427 858 2491 coliusisset‚
873 2430 903 2479 et
916 2428 983 2479 tuae
998 2423 1092 2495 potius
1149 2425 1153 2430 “

224 2521 596 2588 existimationiservisset,
610 2539 695 2596 quam
706 2539 784 2577 suae.
805 2521 947 2594 quiquam
960 2519 1093 2576 tibiami·

222 2637 275 2679 cus
290 2638 348 2675 non
363 2620 448 2675 modo
462 2623 522 2674 tum
535 2618 629 2686 luerit,
642 2618 776 2693 quamdiu
790 2623 887 2675 tecum
898 2616 928 2673 in
942 2616 1094 2690 provincia

224 2717 288 2784 luit,
303 2733 403 2772 verum
417 2715 506 2771 etiam
519 2733 596 2772 nunc
610 2715 657 2783 sit,
671 2733 738 2772 cum
756 2715 819 2788 jam
832 2732 851 2771 a
863 2715 968 2772 ceteris
991 2715 1094 2773 amicis

224 2815 263 2872 'sis
278 2814 404 2880 relictus,
418 2818 448 2870 et
461 2817 492 2869 tu
512 2812 660 2886 intelligis,
683 2817 713 2869 et
734 2830 787 2870 nos
811 2813 977 2870 existimare
999 2831 1094 2886 possu-

225 2931 297 2971 mus.
340 2913 389 2970 An
404 2913 461 2968 hoc
475 2912 567 2968 solum
580 2915 779 2985 argumentum
798 2915 852 2978 est,
872 2910 945 2969 nilril
963 2891 1023 2967 'isto
1043 2911 1094 2968 im·

225 3013 365 3084 prudente
379 3010 496 3077 lactum,
511 3012 585 3085 quod
600 3009 754 3066 Volcatius
777 3008 804 3067 ei
827 3025 885 3067 non
905 3006 1094 3069 succensuit?

225 3111 301 3183 quod
327 3112 381 3167 iste
408 3127 464 3167 nec
492 3109 523 3167 in
549 3110 730 3177 Volcatium,
756 3127 812 3167 nec
832 3108 863 3166 in
888 3107 1008 3165 Bidinos
1033 3110 1093 3167 ani·

224 3204 404 3264 madvertit'l
432 3208 487 3265 Est
510 3226 646 3282 magnum
667 3212 879 3282 argumentum:
901 3225 1001 3266 verum
1021 3208 1092 3268 illud

224 3287 392 3370 maximum,
413 3304 490 3376 quoa
522 3305 580 3361 sna
613 3306 684 3379 ipsis
719 3305 842 3374 aterna,
868 3307 970 3380 quibus
1004 3307 1092 3365 sarus

225 3461 262 3504 ter
271 3458 295 3501 fit
303 3457 347 3501 hae
355 3454 433 3500 forma.
464 3453 538 3500 Recte
547 3457 571 3500 et
580 3455 747 3513 delevitsscisse
756 3461 806 3519 post
812 3462 907 3516 praetor,
920 3459 980 3521 quod
989 3458 1054 3504 abest
1062 3457 1092 3504 ab

224 3516 276 3561 edd.
288 3519 343 3559 vett.
354 3512 462 3582 omnious,
472 3511 616 3581 additumque
620 3518 659 3584 'est
668 3514 698 3560 ab
708 3516 816 3563 lambino
825 3518 854 3563 ad
864 3518 997 3579 explendam
1006 3520 1091 3584 senten-

224 3573 289 3628 tiam,
299 3585 366 3632 quam
374 3586 397 3616 1n
406 3577 485 3616 vitiosa
495 3575 671 3632 mterpunetsone
680 3588 724 3620 non
732 3575 837 3621 videbat:
854 3577 891 3622 sed
902 3576 958 3622 illud
970 3588 1015 3620 non
1024 3573 1090 3629 vrdrt,

225 3632 284 3679 intra
293 3629 316 3675 in
326 3634 346 3674 et
353 3643 398 3674 nors
406 3628 441 3684 in,
452 3633 494 3674 etc.
506 3633 526 3674 et
535 3631 653 3677 delendum
662 3645 721 3689 asse,
737 3634 799 3694 qnod
808 3648 855 3689 nos,
876 3633 937 3679 libris
946 3632 1041 3677 nondum
1058 3631 1091 3677 in-

226 3689 314 3752 spectis,
325 3687 444 3733 delendum
453 3687 554 3734 vidimus.
585 3689 609 3736 N
610 3704 647 3735 am
656 3688 687 3734 sic
696 3692 802 3739 cohaeret
808 3692 882 3739 oratio
891 3711 896 3737 ι
913 3689 998 3737 Doluit
1003 3693 1091 3744 praetor

238 3775 249 3787 .
262 3773 272 3782 -
287 3745 525 3803 mentemmentdm,
535 3751 577 3794 etc.
609 3748 679 3795 Abest
686 3753 760 3795 autern
768 3749 824 3797 illud
833 3749 947 3797 ctabedd.
955 3761 987 3809 pr,
997 3746 1051 3793 Ald.
1062 3747 1088 3794 P.

225 3805 334 3861 Manutii,
354 3809 397 3851 ete.
418 3819 510 3866 quarum
525 3805 657 3868 posteriores
676 3807 761 3855 habent
776 3810 918 3856 benenom
933 3808 961 3854 in
976 3819 1034 3864 eoru,
1044 3809 1088 3853 eta.

224 3864 323 3912 Videtur
332 3878 408 3911 errore
414 3864 572 3926 transpositum
581 3880 636 3926 esse,
645 3881 692 3916 non
703 3867 894 3918 animadvertente
909 3864 1013 3915 ameno.
1044 3865 1090 3919 lit·

225 3934 269 3991 que
281 3924 338 3973 illud
348 3927 416 3974 deuo
424 3924 476 3973 loeo
483 3924 626 4000 reposuimus
