<?xml version="1.0" encoding="UTF-8"?>
<!DOCTYPE html PUBLIC "-//W3C//DTD XHTML 1.0 Transitional//EN"
    "http://www.w3.org/TR/xhtml1/DTD/xhtml1-transitional.dtd">
<html xmlns="http://www.w3.org/1999/xhtml" xml:lang="en" lang="en">
 <head>
  <title>
</title>
<meta http-equiv="Content-Type" content="text/html;charset=utf-8" />
  <meta name='ocr-system' content='tesseract 3.04.00' />
  <meta name='ocr-capabilities' content='ocr_page ocr_carea ocr_par ocr_line ocrx_word'/>
</head>
<body>
  <div class='ocr_page' id='page_1' title='image "./mtvlliiciceroni04cicegoog_0261.png"; bbox 0 0 2700 4675; ppageno 0'>
   <div class='ocr_carea' id='block_1_1' title="bbox 479 564 1105 638">
    <p class='ocr_par' dir='ltr' id='par_1_1' title="bbox 479 564 1105 638">
     <span class='ocr_line' id='line_1_1' title="bbox 479 564 1105 638; baseline 0.013 -24"><span class='ocrx_word' id='word_1_1' title='bbox 479 564 713 617; x_wconf 70' lang='lat' dir='ltr'>sernum</span> <span class='ocrx_word' id='word_1_2' title='bbox 726 568 857 619; x_wconf 74' lang='lat' dir='ltr'>mimus.</span> <span class='ocrx_word' id='word_1_3' title='bbox 1042 579 1105 638; x_wconf 56' lang='grc' dir='ltr'>Μ</span> 
     </span>
    </p>
   </div>
   <div class='ocr_carea' id='block_1_2' title="bbox 229 715 1211 3162">
    <p class='ocr_par' dir='ltr' id='par_1_2' title="bbox 229 715 1211 3162">
     <span class='ocr_line' id='line_1_2' title="bbox 239 715 1106 793; baseline 0.002 -16"><span class='ocrx_word' id='word_1_4' title='bbox 239 718 284 777; x_wconf 84' lang='lat' dir='ltr'>sle</span> <span class='ocrx_word' id='word_1_5' title='bbox 293 720 488 791; x_wconf 80' lang='lat' dir='ltr'>oppugnatum</span> <span class='ocrx_word' id='word_1_6' title='bbox 498 722 529 775; x_wconf 89' lang='lat' dir='ltr'>et</span> <span class='ocrx_word' id='word_1_7' title='bbox 541 715 706 791; x_wconf 83' lang='lat' dir='ltr'>proditum?</span> <span class='ocrx_word' id='word_1_8' title='bbox 725 718 869 791; x_wconf 76' lang='lat' dir='ltr'>Expertus</span> <span class='ocrx_word' id='word_1_9' title='bbox 883 717 972 793; x_wconf 77' lang='lat' dir='ltr'>igitur</span> <span class='ocrx_word' id='word_1_10' title='bbox 981 737 1013 776; x_wconf 88' lang='lat' dir='ltr'>es</span> <span class='ocrx_word' id='word_1_11' title='bbox 1023 720 1106 779; x_wconf 80' lang='lat' dir='ltr'>istim</span> 
     </span>
     <span class='ocr_line' id='line_1_3' title="bbox 240 816 1107 891; baseline 0.006 -18"><span class='ocrx_word' id='word_1_12' title='bbox 240 816 390 891; x_wconf 83' lang='lat' dir='ltr'>perfidiam</span> <span class='ocrx_word' id='word_1_13' title='bbox 404 819 473 883; x_wconf 89' lang='lat' dir='ltr'>tum,</span> <span class='ocrx_word' id='word_1_14' title='bbox 483 832 549 874; x_wconf 90' lang='lat' dir='ltr'>cum</span> <span class='ocrx_word' id='word_1_15' title='bbox 560 834 592 873; x_wconf 90' lang='lat' dir='ltr'>se</span> <span class='ocrx_word' id='word_1_16' title='bbox 604 818 642 873; x_wconf 89' lang='lat' dir='ltr'>ad</span> <span class='ocrx_word' id='word_1_17' title='bbox 656 816 791 873; x_wconf 89' lang='lat' dir='ltr'>inimicos</span> <span class='ocrx_word' id='word_1_18' title='bbox 803 822 866 874; x_wconf 92' lang='lat' dir='ltr'>tuos</span> <span class='ocrx_word' id='word_1_19' title='bbox 879 817 1020 875; x_wconf 80' lang='lat' dir='ltr'>contrditz</span> <span class='ocrx_word' id='word_1_20' title='bbox 1040 836 1107 878; x_wconf 86' lang='lat' dir='ltr'>oum</span> 
     </span>
     <span class='ocr_line' id='line_1_4' title="bbox 242 903 1106 987; baseline 0 -14"><span class='ocrx_word' id='word_1_21' title='bbox 242 915 274 973; x_wconf 90' lang='lat' dir='ltr'>in</span> <span class='ocrx_word' id='word_1_22' title='bbox 288 920 317 971; x_wconf 91' lang='lat' dir='ltr'>te</span> <span class='ocrx_word' id='word_1_23' title='bbox 328 915 416 971; x_wconf 92' lang='lat' dir='ltr'>bomo</span> <span class='ocrx_word' id='word_1_24' title='bbox 428 914 491 987; x_wconf 85' lang='lat' dir='ltr'>ipse</span> <span class='ocrx_word' id='word_1_25' title='bbox 505 903 615 971; x_wconf 80' lang='lat' dir='ltr'>nocens</span> <span class='ocrx_word' id='word_1_26' title='bbox 626 914 796 971; x_wconf 88' lang='lat' dir='ltr'>acerrimum</span> <span class='ocrx_word' id='word_1_27' title='bbox 806 914 1001 974; x_wconf 88' lang='lat' dir='ltr'>testimonium</span> <span class='ocrx_word' id='word_1_28' title='bbox 1014 916 1106 975; x_wconf 77' lang='lat' dir='ltr'>dixit:</span> 
     </span>
     <span class='ocr_line' id='line_1_5' title="bbox 242 1011 1211 1083; baseline 0.007 -12"><span class='ocrx_word' id='word_1_29' title='bbox 242 1018 309 1071; x_wconf 84' lang='lat' dir='ltr'>aum</span> <span class='ocrx_word' id='word_1_30' title='bbox 330 1011 457 1070; x_wconf 87' lang='lat' dir='ltr'>rationes</span> <span class='ocrx_word' id='word_1_31' title='bbox 478 1012 516 1069; x_wconf 88' lang='lat' dir='ltr'>ad</span> <span class='ocrx_word' id='word_1_32' title='bbox 537 1012 688 1080; x_wconf 83' lang='lat' dir='ltr'>aerarium,</span> <span class='ocrx_word' id='word_1_33' title='bbox 708 1012 766 1069; x_wconf 90' lang='lat' dir='ltr'>nisi</span> <span class='ocrx_word' id='word_1_34' title='bbox 786 1014 981 1083; x_wconf 74' lang='lat' dir='ltr'>damnatore,</span> <span class='ocrx_word' id='word_1_35' title='bbox 1001 1016 1106 1074; x_wconf 83' lang='lat' dir='ltr'>relerrs</span> <span class='ocrx_word' id='word_1_36' title='bbox 1207 1067 1211 1078; x_wconf 85' lang='grc'><em>,</em></span> 
     </span>
     <span class='ocr_line' id='line_1_6' title="bbox 240 1111 1154 1187; baseline 0.003 -16"><span class='ocrx_word' id='word_1_37' title='bbox 240 1113 343 1172; x_wconf 78' lang='lat' dir='ltr'>noluit</span> <span class='ocrx_word' id='word_1_38' title='bbox 386 1112 542 1170; x_wconf 79' lang='lat' dir='ltr'>Tantaene</span> <span class='ocrx_word' id='word_1_39' title='bbox 564 1115 640 1179; x_wconf 84' lang='lat' dir='ltr'>tuae,</span> <span class='ocrx_word' id='word_1_40' title='bbox 661 1111 780 1179; x_wconf 85' lang='lat' dir='ltr'>Verres,</span> <span class='ocrx_word' id='word_1_41' title='bbox 802 1112 937 1169; x_wconf 76' lang='lat' dir='ltr'>libidines</span> <span class='ocrx_word' id='word_1_42' title='bbox 958 1120 1051 1184; x_wconf 86' lang='lat' dir='ltr'>emnt,</span> <span class='ocrx_word' id='word_1_43' title='bbox 1072 1119 1154 1187; x_wconf 83' lang='lat' dir='ltr'>nt31</span> 
     </span>
     <span class='ocr_line' id='line_1_7' title="bbox 241 1208 1105 1286; baseline 0.006 -17"><span class='ocrx_word' id='word_1_44' title='bbox 241 1229 292 1269; x_wconf 87' lang='lat' dir='ltr'>eas</span> <span class='ocrx_word' id='word_1_45' title='bbox 306 1228 410 1283; x_wconf 85' lang='lat' dir='ltr'>capere</span> <span class='ocrx_word' id='word_1_46' title='bbox 423 1227 458 1268; x_wconf 86' lang='lat' dir='ltr'>ao</span> <span class='ocrx_word' id='word_1_47' title='bbox 472 1208 612 1268; x_wconf 88' lang='lat' dir='ltr'>sustinere</span> <span class='ocrx_word' id='word_1_48' title='bbox 625 1227 684 1267; x_wconf 88' lang='lat' dir='ltr'>non</span> <span class='ocrx_word' id='word_1_49' title='bbox 703 1211 873 1285; x_wconf 81' lang='lat' dir='ltr'>provinciae</span> <span class='ocrx_word' id='word_1_50' title='bbox 886 1213 985 1286; x_wconf 90' lang='lat' dir='ltr'>populi</span> <span class='ocrx_word' id='word_1_51' title='bbox 999 1215 1105 1273; x_wconf 85' lang='lat' dir='ltr'>Roma·</span> 
     </span>
     <span class='ocr_line' id='line_1_8' title="bbox 239 1308 1104 1385; baseline 0.002 -17"><span class='ocrx_word' id='word_1_52' title='bbox 239 1310 281 1378; x_wconf 91' lang='lat' dir='ltr'>ni,</span> <span class='ocrx_word' id='word_1_53' title='bbox 292 1328 349 1369; x_wconf 91' lang='lat' dir='ltr'>non</span> <span class='ocrx_word' id='word_1_54' title='bbox 361 1309 494 1368; x_wconf 89' lang='lat' dir='ltr'>nationes</span> <span class='ocrx_word' id='word_1_55' title='bbox 504 1315 623 1368; x_wconf 78' lang='lat' dir='ltr'>exterae</span> <span class='ocrx_word' id='word_1_56' title='bbox 636 1308 780 1384; x_wconf 77' lang='lat' dir='ltr'>possinti&#39;</span> <span class='ocrx_word' id='word_1_57' title='bbox 791 1311 888 1378; x_wconf 79' lang='lat' dir='ltr'>Tune,</span> <span class='ocrx_word' id='word_1_58' title='bbox 899 1314 975 1385; x_wconf 88' lang='lat' dir='ltr'>quod</span> <span class='ocrx_word' id='word_1_59' title='bbox 985 1314 1104 1382; x_wconf 77' lang='lat' dir='ltr'>videris,</span> 
     </span>
     <span class='ocr_line' id='line_1_9' title="bbox 238 1408 1104 1485; baseline 0.003 -19"><span class='ocrx_word' id='word_1_60' title='bbox 238 1410 314 1485; x_wconf 82' lang='lat' dir='ltr'>quod</span> <span class='ocrx_word' id='word_1_61' title='bbox 334 1408 469 1474; x_wconf 79' lang='lat' dir='ltr'>audieris,</span> <span class='ocrx_word' id='word_1_62' title='bbox 482 1410 557 1484; x_wconf 82' lang='lat' dir='ltr'>qrsod</span> <span class='ocrx_word' id='word_1_63' title='bbox 578 1409 763 1482; x_wconf 82' lang='lat' dir='ltr'>concupieris</span> <span class='ocrx_word' id='word_1_64' title='bbox 792 1411 867 1483; x_wconf 91' lang='lat' dir='ltr'>quod</span> <span class='ocrx_word' id='word_1_65' title='bbox 886 1410 1033 1483; x_wconf 69' lang='lat' dir='ltr'>cogiteris,</span> <span class='ocrx_word' id='word_1_66' title='bbox 1046 1411 1104 1469; x_wconf 87' lang='lat' dir='ltr'>nisi</span> 
     </span>
     <span class='ocr_line' id='line_1_10' title="bbox 237 1507 1103 1581; baseline 0.001 -15"><span class='ocrx_word' id='word_1_67' title='bbox 237 1508 268 1567; x_wconf 90' lang='lat' dir='ltr'>ld</span> <span class='ocrx_word' id='word_1_68' title='bbox 288 1509 326 1565; x_wconf 87' lang='lat' dir='ltr'>ed</span> <span class='ocrx_word' id='word_1_69' title='bbox 349 1513 451 1565; x_wconf 88' lang='lat' dir='ltr'>nutum</span> <span class='ocrx_word' id='word_1_70' title='bbox 472 1511 553 1565; x_wconf 87' lang='lat' dir='ltr'>tuum</span> <span class='ocrx_word' id='word_1_71' title='bbox 577 1514 692 1581; x_wconf 84' lang='lat' dir='ltr'>praesto</span> <span class='ocrx_word' id='word_1_72' title='bbox 711 1507 805 1576; x_wconf 75' lang='lat' dir='ltr'>luerit,</span> <span class='ocrx_word' id='word_1_73' title='bbox 821 1508 879 1565; x_wconf 87' lang='lat' dir='ltr'>nisi</span> <span class='ocrx_word' id='word_1_74' title='bbox 898 1508 1015 1566; x_wconf 85' lang='lat' dir='ltr'>libidini</span> <span class='ocrx_word' id='word_1_75' title='bbox 1035 1515 1103 1567; x_wconf 84' lang='lat' dir='ltr'>tuae</span> 
     </span>
     <span class='ocr_line' id='line_1_11' title="bbox 236 1604 1103 1685; baseline 0 -20"><span class='ocrx_word' id='word_1_76' title='bbox 236 1607 446 1682; x_wconf 70' lang='lat' dir='ltr'>cupiditatique</span> <span class='ocrx_word' id='word_1_77' title='bbox 467 1605 601 1680; x_wconf 83' lang='lat' dir='ltr'>paruerit,</span> <span class='ocrx_word' id='word_1_78' title='bbox 614 1606 805 1664; x_wconf 87' lang='lat' dir='ltr'>immittentur</span> <span class='ocrx_word' id='word_1_79' title='bbox 824 1604 977 1665; x_wconf 78' lang='lat' dir='ltr'>homines?</span> <span class='ocrx_word' id='word_1_80' title='bbox 995 1626 1103 1685; x_wconf 76' lang='lat' dir='ltr'>expug-</span> 
     </span>
     <span class='ocr_line' id='line_1_12' title="bbox 237 1702 1101 1779; baseline 0.003 -16"><span class='ocrx_word' id='word_1_81' title='bbox 237 1707 380 1763; x_wconf 89' lang='lat' dir='ltr'>nabuntur</span> <span class='ocrx_word' id='word_1_82' title='bbox 391 1702 515 1763; x_wconf 81' lang='lat' dir='ltr'>domm?</span> <span class='ocrx_word' id='word_1_83' title='bbox 533 1704 671 1763; x_wconf 81' lang='lat' dir='ltr'>civitates</span> <span class='ocrx_word' id='word_1_84' title='bbox 684 1723 743 1763; x_wconf 91' lang='lat' dir='ltr'>non</span> <span class='ocrx_word' id='word_1_85' title='bbox 757 1707 843 1763; x_wconf 90' lang='lat' dir='ltr'>modo</span> <span class='ocrx_word' id='word_1_86' title='bbox 855 1711 986 1779; x_wconf 79' lang='lat' dir='ltr'>pacatae,</span> <span class='ocrx_word' id='word_1_87' title='bbox 999 1724 1101 1767; x_wconf 86' lang='lat' dir='ltr'>veruna</span> 
     </span>
     <span class='ocr_line' id='line_1_13' title="bbox 236 1805 1101 1881; baseline 0.003 -19"><span class='ocrx_word' id='word_1_88' title='bbox 236 1805 326 1862; x_wconf 89' lang='lat' dir='ltr'>etiam</span> <span class='ocrx_word' id='word_1_89' title='bbox 348 1805 491 1863; x_wconf 90' lang='lat' dir='ltr'>sociorum</span> <span class='ocrx_word' id='word_1_90' title='bbox 514 1810 600 1879; x_wconf 81' lang='lat' dir='ltr'>atque</span> <span class='ocrx_word' id='word_1_91' title='bbox 621 1805 788 1872; x_wconf 68' lang='lat' dir='ltr'>ammonem,</span> <span class='ocrx_word' id='word_1_92' title='bbox 809 1806 846 1862; x_wconf 83' lang='lat' dir='ltr'>ad</span> <span class='ocrx_word' id='word_1_93' title='bbox 870 1806 1040 1881; x_wconf 68' lang='lat' dir='ltr'>manetque</span> <span class='ocrx_word' id='word_1_94' title='bbox 1063 1808 1101 1865; x_wconf 89' lang='lat' dir='ltr'>ad</span> 
     </span>
     <span class='ocr_line' id='line_1_14' title="bbox 236 1902 1101 1978; baseline 0.002 -17"><span class='ocrx_word' id='word_1_95' title='bbox 236 1917 316 1961; x_wconf 85' lang='lat' dir='ltr'>arma</span> <span class='ocrx_word' id='word_1_96' title='bbox 336 1902 515 1976; x_wconf 69' lang='lat' dir='ltr'>confugient,</span> <span class='ocrx_word' id='word_1_97' title='bbox 528 1908 560 1959; x_wconf 92' lang='lat' dir='ltr'>ut</span> <span class='ocrx_word' id='word_1_98' title='bbox 573 1905 610 1959; x_wconf 89' lang='lat' dir='ltr'>ab</span> <span class='ocrx_word' id='word_1_99' title='bbox 630 1919 663 1959; x_wconf 92' lang='lat' dir='ltr'>se</span> <span class='ocrx_word' id='word_1_100' title='bbox 676 1908 763 1975; x_wconf 82' lang='lat' dir='ltr'>atque</span> <span class='ocrx_word' id='word_1_101' title='bbox 778 1904 816 1958; x_wconf 89' lang='lat' dir='ltr'>ab</span> <span class='ocrx_word' id='word_1_102' title='bbox 828 1904 927 1959; x_wconf 86' lang='lat' dir='ltr'>liboris</span> <span class='ocrx_word' id='word_1_103' title='bbox 939 1904 998 1961; x_wconf 89' lang='lat' dir='ltr'>suis</span> <span class='ocrx_word' id='word_1_104' title='bbox 1011 1905 1101 1978; x_wconf 77' lang='lat' dir='ltr'>legati</span> 
     </span>
     <span class='ocr_line' id='line_1_15' title="bbox 234 1999 1101 2077; baseline 0.002 -19"><span class='ocrx_word' id='word_1_105' title='bbox 234 2002 335 2077; x_wconf 92' lang='lat' dir='ltr'>populi</span> <span class='ocrx_word' id='word_1_106' title='bbox 344 2001 471 2059; x_wconf 84' lang='lat' dir='ltr'>Romani</span> <span class='ocrx_word' id='word_1_107' title='bbox 480 2003 575 2057; x_wconf 87' lang='lat' dir='ltr'>soelns</span> <span class='ocrx_word' id='word_1_108' title='bbox 588 2016 623 2056; x_wconf 83' lang='lat' dir='ltr'>aa</span> <span class='ocrx_word' id='word_1_109' title='bbox 634 1999 785 2057; x_wconf 79' lang='lat' dir='ltr'>libidinem</span> <span class='ocrx_word' id='word_1_110' title='bbox 795 2001 959 2072; x_wconf 74' lang='lat' dir='ltr'>propulsare</span> <span class='ocrx_word' id='word_1_111' title='bbox 970 2000 1101 2074; x_wconf 76' lang='lat' dir='ltr'>possint?</span> 
     </span>
     <span class='ocr_line' id='line_1_16' title="bbox 234 2098 1099 2174; baseline 0 -15"><span class='ocrx_word' id='word_1_112' title='bbox 234 2099 314 2159; x_wconf 88' lang='lat' dir='ltr'>Nam</span> <span class='ocrx_word' id='word_1_113' title='bbox 334 2116 441 2173; x_wconf 82' lang='lat' dir='ltr'>quaero</span> <span class='ocrx_word' id='word_1_114' title='bbox 464 2100 515 2155; x_wconf 89' lang='lat' dir='ltr'>abs</span> <span class='ocrx_word' id='word_1_115' title='bbox 538 2103 576 2166; x_wconf 90' lang='lat' dir='ltr'>te,</span> <span class='ocrx_word' id='word_1_116' title='bbox 599 2098 842 2156; x_wconf 71' lang='lat' dir='ltr'>circumsessusne</span> <span class='ocrx_word' id='word_1_117' title='bbox 865 2099 905 2156; x_wconf 88' lang='lat' dir='ltr'>sis</span> <span class='ocrx_word' id='word_1_118' title='bbox 928 2101 1099 2174; x_wconf 74' lang='lat' dir='ltr'>Lampsaci:</span> 
     </span>
     <span class='ocr_line' id='line_1_17' title="bbox 233 2197 1100 2273; baseline 0 -16"><span class='ocrx_word' id='word_1_119' title='bbox 233 2198 402 2273; x_wconf 81' lang='lat' dir='ltr'>coeperitne</span> <span class='ocrx_word' id='word_1_120' title='bbox 413 2199 537 2267; x_wconf 86' lang='lat' dir='ltr'>domum,</span> <span class='ocrx_word' id='word_1_121' title='bbox 552 2197 583 2255; x_wconf 90' lang='lat' dir='ltr'>in</span> <span class='ocrx_word' id='word_1_122' title='bbox 597 2214 653 2272; x_wconf 86' lang='lat' dir='ltr'>qus</span> <span class='ocrx_word' id='word_1_123' title='bbox 665 2198 867 2267; x_wconf 70' lang='lat' dir='ltr'>deversabare,</span> <span class='ocrx_word' id='word_1_124' title='bbox 881 2199 932 2257; x_wconf 89' lang='lat' dir='ltr'>illa</span> <span class='ocrx_word' id='word_1_125' title='bbox 946 2199 1100 2258; x_wconf 88' lang='lat' dir='ltr'>multitudo</span> 
     </span>
     <span class='ocr_line' id='line_1_18' title="bbox 233 2296 1098 2373; baseline 0.001 -16"><span class='ocrx_word' id='word_1_126' title='bbox 233 2297 407 2357; x_wconf 84' lang='lat' dir='ltr'>incendere:</span> <span class='ocrx_word' id='word_1_127' title='bbox 429 2296 612 2356; x_wconf 88' lang='lat' dir='ltr'>voluerintne</span> <span class='ocrx_word' id='word_1_128' title='bbox 624 2299 752 2372; x_wconf 77' lang='lat' dir='ltr'>legatum</span> <span class='ocrx_word' id='word_1_129' title='bbox 770 2298 868 2373; x_wconf 91' lang='lat' dir='ltr'>populi</span> <span class='ocrx_word' id='word_1_130' title='bbox 882 2299 1007 2357; x_wconf 84' lang='lat' dir='ltr'>Romani</span> <span class='ocrx_word' id='word_1_131' title='bbox 1020 2316 1098 2358; x_wconf 83' lang='lat' dir='ltr'>conr·</span> 
     </span>
     <span class='ocr_line' id='line_1_19' title="bbox 231 2398 1099 2471; baseline -0.001 -15"><span class='ocrx_word' id='word_1_132' title='bbox 231 2399 333 2457; x_wconf 87' lang='lat' dir='ltr'>burere</span> <span class='ocrx_word' id='word_1_133' title='bbox 348 2398 449 2455; x_wconf 88' lang='lat' dir='ltr'>vivum</span> <span class='ocrx_word' id='word_1_134' title='bbox 463 2398 669 2470; x_wconf 81' lang='lat' dir='ltr'>Lampsaceni.</span> <span class='ocrx_word' id='word_1_135' title='bbox 690 2415 797 2470; x_wconf 79' lang='lat' dir='ltr'>negare</span> <span class='ocrx_word' id='word_1_136' title='bbox 811 2415 870 2454; x_wconf 89' lang='lat' dir='ltr'>non</span> <span class='ocrx_word' id='word_1_137' title='bbox 892 2404 983 2471; x_wconf 88' lang='lat' dir='ltr'>potes.</span> <span class='ocrx_word' id='word_1_138' title='bbox 1004 2400 1099 2456; x_wconf 85' lang='lat' dir='ltr'>babeo</span> 
     </span>
     <span class='ocr_line' id='line_1_20' title="bbox 232 2495 1096 2567; baseline -0.003 -13"><span class='ocrx_word' id='word_1_139' title='bbox 232 2495 311 2554; x_wconf 87' lang='lat' dir='ltr'>enim</span> <span class='ocrx_word' id='word_1_140' title='bbox 324 2497 521 2553; x_wconf 84' lang='lat' dir='ltr'>testimouium</span> <span class='ocrx_word' id='word_1_141' title='bbox 534 2501 625 2561; x_wconf 91' lang='lat' dir='ltr'>tuum,</span> <span class='ocrx_word' id='word_1_142' title='bbox 639 2496 715 2567; x_wconf 87' lang='lat' dir='ltr'>quod</span> <span class='ocrx_word' id='word_1_143' title='bbox 728 2497 804 2565; x_wconf 85' lang='lat' dir='ltr'>apud</span> <span class='ocrx_word' id='word_1_144' title='bbox 818 2497 965 2552; x_wconf 89' lang='lat' dir='ltr'>Neronem</span> <span class='ocrx_word' id='word_1_145' title='bbox 978 2495 1096 2552; x_wconf 83' lang='lat' dir='ltr'>dixisti:</span> 
     </span>
     <span class='ocr_line' id='line_1_21' title="bbox 232 2589 1098 2667; baseline 0 -16"><span class='ocrx_word' id='word_1_146' title='bbox 232 2595 337 2661; x_wconf 88' lang='lat' dir='ltr'>babeo,</span> <span class='ocrx_word' id='word_1_147' title='bbox 358 2611 427 2667; x_wconf 88' lang='lat' dir='ltr'>quas</span> <span class='ocrx_word' id='word_1_148' title='bbox 450 2594 487 2649; x_wconf 86' lang='lat' dir='ltr'>ad</span> <span class='ocrx_word' id='word_1_149' title='bbox 514 2593 638 2648; x_wconf 91' lang='lat' dir='ltr'>eundem</span> <span class='ocrx_word' id='word_1_150' title='bbox 662 2592 773 2648; x_wconf 85' lang='lat' dir='ltr'>litteras</span> <span class='ocrx_word' id='word_1_151' title='bbox 800 2593 912 2649; x_wconf 87' lang='lat' dir='ltr'>misisti.</span> <span class='ocrx_word' id='word_1_152' title='bbox 959 2589 1098 2651; x_wconf 71' lang='lat' dir='ltr'>“Recita</span> 
     </span>
     <span class='ocr_line' id='line_1_22' title="bbox 231 2690 1095 2764; baseline -0.001 -13"><span class='ocrx_word' id='word_1_153' title='bbox 231 2693 311 2751; x_wconf 87' lang='lat' dir='ltr'>buno</span> <span class='ocrx_word' id='word_1_154' title='bbox 325 2690 419 2764; x_wconf 89' lang='lat' dir='ltr'>ipsum</span> <span class='ocrx_word' id='word_1_155' title='bbox 440 2693 536 2748; x_wconf 88' lang='lat' dir='ltr'>locum</span> <span class='ocrx_word' id='word_1_156' title='bbox 559 2692 596 2746; x_wconf 91' lang='lat' dir='ltr'>de</span> <span class='ocrx_word' id='word_1_157' title='bbox 619 2690 794 2746; x_wconf 84' lang='lat' dir='ltr'>testimonio.</span> <span class='ocrx_word' id='word_1_158' title='bbox 833 2708 1047 2750; x_wconf 77' lang='lat' dir='ltr'>suerruorsrms</span> <span class='ocrx_word' id='word_1_159' title='bbox 1068 2712 1095 2750; x_wconf 90' lang='lat' dir='ltr'>c.</span> 
     </span>
     <span class='ocr_line' id='line_1_23' title="bbox 229 2789 1095 2850; baseline 0.001 -1"><span class='ocrx_word' id='word_1_160' title='bbox 229 2808 343 2850; x_wconf 80' lang='lat' dir='ltr'>vnnnrs</span> <span class='ocrx_word' id='word_1_161' title='bbox 364 2806 398 2846; x_wconf 85' lang='lat' dir='ltr'>m</span> <span class='ocrx_word' id='word_1_162' title='bbox 418 2805 652 2847; x_wconf 78' lang='lat' dir='ltr'>snsnurnonors.</span> <span class='ocrx_word' id='word_1_163' title='bbox 695 2789 800 2845; x_wconf 88' lang='lat' dir='ltr'>Recita</span> <span class='ocrx_word' id='word_1_164' title='bbox 817 2808 856 2847; x_wconf 84' lang='lat' dir='ltr'>ex</span> <span class='ocrx_word' id='word_1_165' title='bbox 876 2790 977 2847; x_wconf 87' lang='lat' dir='ltr'>Verris</span> <span class='ocrx_word' id='word_1_166' title='bbox 991 2793 1095 2850; x_wconf 89' lang='lat' dir='ltr'>litteris</span> 
     </span>
     <span class='ocr_line' id='line_1_24' title="bbox 229 2892 1095 2948; baseline -0.001 0"><span class='ocrx_word' id='word_1_167' title='bbox 229 2893 267 2948; x_wconf 88' lang='lat' dir='ltr'>ad</span> <span class='ocrx_word' id='word_1_168' title='bbox 288 2892 445 2947; x_wconf 85' lang='lat' dir='ltr'>Neronem.</span> <span class='ocrx_word' id='word_1_169' title='bbox 486 2907 529 2945; x_wconf 82' lang='lat' dir='ltr'>nx</span> <span class='ocrx_word' id='word_1_170' title='bbox 549 2903 693 2944; x_wconf 71' lang='lat' dir='ltr'>niernum</span> <span class='ocrx_word' id='word_1_171' title='bbox 714 2905 741 2942; x_wconf 81' lang='lat' dir='ltr'>c.</span> <span class='ocrx_word' id='word_1_172' title='bbox 762 2905 871 2944; x_wconf 81' lang='lat' dir='ltr'>vnnnrs</span> <span class='ocrx_word' id='word_1_173' title='bbox 890 2905 932 2944; x_wconf 75' lang='lat' dir='ltr'>nn</span> <span class='ocrx_word' id='word_1_174' title='bbox 952 2907 980 2945; x_wconf 90' lang='lat' dir='ltr'>o.</span> <span class='ocrx_word' id='word_1_175' title='bbox 1001 2907 1095 2947; x_wconf 78' lang='lat' dir='ltr'>unno-</span> 
     </span>
     <span class='ocr_line' id='line_1_25' title="bbox 229 2989 1095 3062; baseline 0.001 -15"><span class='ocrx_word' id='word_1_176' title='bbox 229 3008 304 3047; x_wconf 75' lang='lat' dir='ltr'>neas.</span> <span class='ocrx_word' id='word_1_177' title='bbox 325 3008 386 3047; x_wconf 78' lang='lat' dir='ltr'>non</span> <span class='ocrx_word' id='word_1_178' title='bbox 403 3006 507 3046; x_wconf 78' lang='lat' dir='ltr'>nunno</span> <span class='ocrx_word' id='word_1_179' title='bbox 524 3005 600 3045; x_wconf 83' lang='lat' dir='ltr'>rosr</span> <span class='ocrx_word' id='word_1_180' title='bbox 615 3005 648 3044; x_wconf 80' lang='lat' dir='ltr'>ru</span> <span class='ocrx_word' id='word_1_181' title='bbox 663 3005 783 3044; x_wconf 76' lang='lat' dir='ltr'>nouum.</span> <span class='ocrx_word' id='word_1_182' title='bbox 825 2989 977 3044; x_wconf 88' lang='lat' dir='ltr'>Bellumne</span> <span class='ocrx_word' id='word_1_183' title='bbox 988 2993 1095 3062; x_wconf 93' lang='lat' dir='ltr'>populo</span> 
     </span>
     <span class='ocr_line' id='line_1_26' title="bbox 231 3085 1092 3162; baseline 0 -14"><span class='ocrx_word' id='word_1_184' title='bbox 231 3090 364 3149; x_wconf 87' lang='lat' dir='ltr'>Romano</span> <span class='ocrx_word' id='word_1_185' title='bbox 381 3088 604 3162; x_wconf 69' lang='lat' dir='ltr'>⁸⁸Lampsaceni</span> <span class='ocrx_word' id='word_1_186' title='bbox 625 3088 721 3145; x_wconf 83' lang='lat' dir='ltr'>lacere</span> <span class='ocrx_word' id='word_1_187' title='bbox 743 3085 941 3145; x_wconf 76' lang='lat' dir='ltr'>conabantur?</span> <span class='ocrx_word' id='word_1_188' title='bbox 967 3090 1092 3148; x_wconf 85' lang='lat' dir='ltr'>delicere</span> 
     </span>
    </p>
   </div>
   <div class='ocr_carea' id='block_1_3' title="bbox 223 3240 1091 3523">
    <p class='ocr_par' dir='ltr' id='par_1_3' title="bbox 223 3240 1091 3523">
     <span class='ocr_line' id='line_1_27' title="bbox 258 3240 1091 3291; baseline 0.004 -3"><span class='ocrx_word' id='word_1_189' title='bbox 258 3243 282 3275; x_wconf 66' lang='grc' dir='ltr'><strong>Μ</strong></span> <span class='ocrx_word' id='word_1_190' title='bbox 296 3241 441 3288; x_wconf 69' lang='lat' dir='ltr'>meatum</span> <span class='ocrx_word' id='word_1_191' title='bbox 453 3268 464 3278; x_wconf 91' lang='lat'><strong>·</strong></span> <span class='ocrx_word' id='word_1_192' title='bbox 477 3267 487 3277; x_wconf 91' lang='lat'>·</span> <span class='ocrx_word' id='word_1_193' title='bbox 500 3242 527 3289; x_wconf 81' lang='lat' dir='ltr'>in</span> <span class='ocrx_word' id='word_1_194' title='bbox 535 3244 632 3290; x_wconf 64' lang='lat' dir='ltr'>morum.</span> <span class='ocrx_word' id='word_1_195' title='bbox 668 3243 751 3290; x_wconf 89' lang='lat' dir='ltr'>Totum</span> <span class='ocrx_word' id='word_1_196' title='bbox 761 3243 803 3288; x_wconf 77' lang='lat' dir='ltr'>bae</span> <span class='ocrx_word' id='word_1_197' title='bbox 812 3240 947 3288; x_wconf 84' lang='lat' dir='ltr'>abestaMs.</span> <span class='ocrx_word' id='word_1_198' title='bbox 958 3241 1002 3289; x_wconf 82' lang='lat' dir='ltr'>(iu.</span> <span class='ocrx_word' id='word_1_199' title='bbox 1033 3243 1091 3291; x_wconf 85' lang='lat' dir='ltr'>Gnr-</span> 
     </span>
     <span class='ocr_line' id='line_1_28' title="bbox 228 3298 1090 3369; baseline 0.005 -22"><span class='ocrx_word' id='word_1_200' title='bbox 228 3306 290 3368; x_wconf 72' lang='lat' dir='ltr'>tetus</span> <span class='ocrx_word' id='word_1_201' title='bbox 305 3303 329 3344; x_wconf 86' lang='lat' dir='ltr'>et</span> <span class='ocrx_word' id='word_1_202' title='bbox 343 3298 598 3369; x_wconf 34' lang='lat' dir='ltr'>¹(luserim-particulam</span> <span class='ocrx_word' id='word_1_203' title='bbox 642 3301 696 3348; x_wconf 78' lang='lat' dir='ltr'>ets&#39;ln</span> <span class='ocrx_word' id='word_1_204' title='bbox 710 3317 738 3347; x_wconf 73' lang='lat' dir='ltr'>en</span> <span class='ocrx_word' id='word_1_205' title='bbox 754 3300 832 3347; x_wconf 79' lang='lat' dir='ltr'>Verris</span> <span class='ocrx_word' id='word_1_206' title='bbox 844 3326 855 3369; x_wconf 84' lang='lat'>.‘</span> <span class='ocrx_word' id='word_1_207' title='bbox 868 3326 877 3334; x_wconf 93' lang='lat'><strong>·</strong></span> <span class='ocrx_word' id='word_1_208' title='bbox 890 3300 917 3369; x_wconf 68' lang='lat' dir='ltr'>{n</span> <span class='ocrx_word' id='word_1_209' title='bbox 935 3302 1031 3359; x_wconf 54' lang='lat' dir='ltr'>dmum,</span> <span class='ocrx_word' id='word_1_210' title='bbox 1049 3319 1090 3364; x_wconf 86' lang='lat' dir='ltr'>pm</span> 
     </span>
     <span class='ocr_line' id='line_1_29' title="bbox 227 3357 1090 3431; baseline 0.002 -25"><span class='ocrx_word' id='word_1_211' title='bbox 227 3357 417 3420; x_wconf 74' lang='lat' dir='ltr'>spumarejserunl,</span> <span class='ocrx_word' id='word_1_212' title='bbox 426 3371 478 3418; x_wconf 87' lang='lat' dir='ltr'>qma</span> <span class='ocrx_word' id='word_1_213' title='bbox 485 3372 529 3404; x_wconf 85' lang='lat' dir='ltr'>non</span> <span class='ocrx_word' id='word_1_214' title='bbox 536 3359 598 3428; x_wconf 61' lang='lat' dir='ltr'>estin</span> <span class='ocrx_word' id='word_1_215' title='bbox 607 3361 658 3406; x_wconf 90' lang='lat' dir='ltr'>edd.</span> <span class='ocrx_word' id='word_1_216' title='bbox 669 3376 703 3420; x_wconf 88' lang='lat' dir='ltr'>pr.</span> <span class='ocrx_word' id='word_1_217' title='bbox 734 3359 758 3406; x_wconf 83' lang='lat' dir='ltr'>Si</span> <span class='ocrx_word' id='word_1_218' title='bbox 765 3361 813 3414; x_wconf 82' lang='lat' dir='ltr'>boc,</span> <span class='ocrx_word' id='word_1_219' title='bbox 820 3359 952 3430; x_wconf 56' lang='lat' dir='ltr'>etramullud</span> <span class='ocrx_word' id='word_1_220' title='bbox 959 3361 1090 3431; x_wconf 78' lang='lat' dir='ltr'>ejiciendum</span> 
     </span>
     <span class='ocr_line' id='line_1_30' title="bbox 225 3415 1088 3522; baseline 0.006 -61"><span class='ocrx_word' id='word_1_221' title='bbox 225 3421 269 3522; x_wconf 43' lang='lat' dir='ltr'>ext.</span> <span class='ocrx_word' id='word_1_222' title='bbox 275 3416 346 3519; x_wconf 68' lang='lat' dir='ltr'>rbSed</span> <span class='ocrx_word' id='word_1_223' title='bbox 358 3430 402 3462; x_wconf 91' lang='lat' dir='ltr'>non</span> <span class='ocrx_word' id='word_1_224' title='bbox 411 3415 523 3472; x_wconf 79' lang='lat' dir='ltr'>abhorret,</span> <span class='ocrx_word' id='word_1_225' title='bbox 533 3416 569 3463; x_wconf 87' lang='lat' dir='ltr'>luc</span> <span class='ocrx_word' id='word_1_226' title='bbox 578 3416 637 3463; x_wconf 75' lang='lat' dir='ltr'>lecta</span> <span class='ocrx_word' id='word_1_227' title='bbox 645 3433 693 3464; x_wconf 82' lang='lat' dir='ltr'>esse</span> <span class='ocrx_word' id='word_1_228' title='bbox 701 3418 808 3478; x_wconf 83' lang='lat' dir='ltr'>quaedam</span> <span class='ocrx_word' id='word_1_229' title='bbox 818 3431 831 3462; x_wconf 90' lang='lat' dir='ltr'>e</span> <span class='ocrx_word' id='word_1_230' title='bbox 840 3420 968 3463; x_wconf 63' lang='lat' dir='ltr'>murmuro</span> <span class='ocrx_word' id='word_1_231' title='bbox 977 3423 1001 3465; x_wconf 88' lang='lat' dir='ltr'>et</span> <span class='ocrx_word' id='word_1_232' title='bbox 1011 3421 1088 3479; x_wconf 79' lang='lat' dir='ltr'>literis,</span> 
     </span>
     <span class='ocr_line' id='line_1_31' title="bbox 223 3489 322 3523; baseline -0.04 0"><span class='ocrx_word' id='word_1_233' title='bbox 223 3491 239 3523; x_wconf 91' lang='lat' dir='ltr'>u</span> <span class='ocrx_word' id='word_1_234' title='bbox 259 3490 291 3520; x_wconf 79' lang='lat' dir='ltr'>nr</span> <span class='ocrx_word' id='word_1_235' title='bbox 307 3489 322 3520; x_wconf 87' lang='lat' dir='ltr'>r.</span> 
     </span>
    </p>
   </div>
   <div class='ocr_carea' id='block_1_4' title="bbox 221 3551 1088 3849">
    <p class='ocr_par' dir='ltr' id='par_1_4' title="bbox 239 3551 1088 3658">
     <span class='ocr_line' id='line_1_32' title="bbox 239 3551 1088 3658; baseline 0.005 -59"><span class='ocrx_word' id='word_1_236' title='bbox 239 3553 278 3627; x_wconf 34' lang='lat'>⁹⁶?</span> <span class='ocrx_word' id='word_1_237' title='bbox 294 3551 437 3608; x_wconf 63' lang='lat' dir='ltr'>tamensem·</span> <span class='ocrx_word' id='word_1_238' title='bbox 446 3553 480 3658; x_wconf 46' lang='lat' dir='ltr'>cg</span> <span class='ocrx_word' id='word_1_239' title='bbox 506 3553 642 3623; x_wconf 67' lang='lat' dir='ltr'>Eddpnet</span> <span class='ocrx_word' id='word_1_240' title='bbox 656 3552 714 3599; x_wconf 90' lang='lat' dir='ltr'>Mss.</span> <span class='ocrx_word' id='word_1_241' title='bbox 725 3553 824 3613; x_wconf 88' lang='lat' dir='ltr'>plerique</span> <span class='ocrx_word' id='word_1_242' title='bbox 838 3555 922 3602; x_wconf 84' lang='lat' dir='ltr'>habent</span> <span class='ocrx_word' id='word_1_243' title='bbox 939 3557 1088 3627; x_wconf 64' lang='lat' dir='ltr'>lantpsocenff</span> 
     </span>
    </p>

    <p class='ocr_par' dir='ltr' id='par_1_5' title="bbox 221 3611 1088 3849">
     <span class='ocr_line' id='line_1_33' title="bbox 223 3611 1087 3668; baseline 0.003 -10"><span class='ocrx_word' id='word_1_244' title='bbox 223 3617 309 3667; x_wconf 75' lang='lat' dir='ltr'>noema,</span> <span class='ocrx_word' id='word_1_245' title='bbox 323 3615 398 3656; x_wconf 77' lang='lat' dir='ltr'>ostem</span> <span class='ocrx_word' id='word_1_246' title='bbox 419 3616 444 3656; x_wconf 91' lang='lat' dir='ltr'>ut</span> <span class='ocrx_word' id='word_1_247' title='bbox 482 3616 567 3658; x_wconf 82' lang='lat' dir='ltr'>rntems</span> <span class='ocrx_word' id='word_1_248' title='bbox 581 3612 664 3658; x_wconf 83' lang='lat' dir='ltr'>edrdrt·</span> <span class='ocrx_word' id='word_1_249' title='bbox 680 3611 822 3668; x_wconf 71' lang='lat' dir='ltr'>minuar,</span> <span class='ocrx_word' id='word_1_250' title='bbox 839 3615 945 3662; x_wconf 75' lang='lat' dir='ltr'>oolebmt.</span> <span class='ocrx_word' id='word_1_251' title='bbox 978 3617 1032 3662; x_wconf 91' lang='lat' dir='ltr'>lnde</span> <span class='ocrx_word' id='word_1_252' title='bbox 1048 3617 1087 3661; x_wconf 90' lang='lat' dir='ltr'>alu</span> 
     </span>
     <span class='ocr_line' id='line_1_34' title="bbox 224 3644 1087 3739; baseline 0.003 -23"><span class='ocrx_word' id='word_1_253' title='bbox 224 3672 374 3728; x_wconf 76' lang='lat' dir='ltr'>Lmnpmceno</span> <span class='ocrx_word' id='word_1_254' title='bbox 383 3669 465 3725; x_wconf 76' lang='lat' dir='ltr'>deitas,</span> <span class='ocrx_word' id='word_1_255' title='bbox 476 3672 534 3730; x_wconf 87' lang='lat' dir='ltr'>quod</span> <span class='ocrx_word' id='word_1_256' title='bbox 545 3675 568 3716; x_wconf 89' lang='lat' dir='ltr'>et</span> <span class='ocrx_word' id='word_1_257' title='bbox 577 3675 611 3716; x_wconf 87' lang='lat' dir='ltr'>est</span> <span class='ocrx_word' id='word_1_258' title='bbox 622 3669 646 3739; x_wconf 76' lang='lat' dir='ltr'>in</span> <span class='ocrx_word' id='word_1_259' title='bbox 655 3644 703 3739; x_wconf 58' lang='lat' dir='ltr'>ills.</span> <span class='ocrx_word' id='word_1_260' title='bbox 717 3668 761 3716; x_wconf 87' lang='lat' dir='ltr'>(lu.</span> <span class='ocrx_word' id='word_1_261' title='bbox 772 3671 809 3717; x_wconf 82' lang='lat' dir='ltr'>alii</span> <span class='ocrx_word' id='word_1_262' title='bbox 819 3673 963 3729; x_wconf 65' lang='lat' dir='ltr'>lampsaceni</span> <span class='ocrx_word' id='word_1_263' title='bbox 977 3675 1032 3719; x_wconf 76' lang='lat' dir='ltr'>cites</span> <span class='ocrx_word' id='word_1_264' title='bbox 1041 3674 1087 3719; x_wconf 88' lang='lat' dir='ltr'>edi-</span> 
     </span>
     <span class='ocr_line' id='line_1_35' title="bbox 222 3728 1088 3835; baseline 0.003 -59"><span class='ocrx_word' id='word_1_265' title='bbox 222 3731 284 3835; x_wconf 59' lang='lat' dir='ltr'>dsre,</span> <span class='ocrx_word' id='word_1_266' title='bbox 300 3735 325 3776; x_wconf 88' lang='lat' dir='ltr'>et</span> <span class='ocrx_word' id='word_1_267' title='bbox 341 3729 468 3787; x_wconf 69' lang='lat' dir='ltr'>ememor,</span> <span class='ocrx_word' id='word_1_268' title='bbox 484 3729 572 3788; x_wconf 71' lang='lat' dir='ltr'>orbbot,</span> <span class='ocrx_word' id='word_1_269' title='bbox 588 3729 628 3775; x_wconf 81' lang='lat' dir='ltr'>alis</span> <span class='ocrx_word' id='word_1_270' title='bbox 643 3728 718 3775; x_wconf 81' lang='lat' dir='ltr'>uhter.</span> <span class='ocrx_word' id='word_1_271' title='bbox 749 3729 799 3790; x_wconf 74' lang='lat' dir='ltr'>Ego</span> <span class='ocrx_word' id='word_1_272' title='bbox 814 3732 869 3779; x_wconf 75' lang='lat' dir='ltr'>cloes</span> <span class='ocrx_word' id='word_1_273' title='bbox 884 3733 967 3791; x_wconf 81' lang='lat' dir='ltr'>delevi,</span> <span class='ocrx_word' id='word_1_274' title='bbox 982 3747 1038 3793; x_wconf 89' lang='lat' dir='ltr'>quae</span> <span class='ocrx_word' id='word_1_275' title='bbox 1053 3736 1088 3779; x_wconf 81' lang='lat' dir='ltr'>est</span> 
     </span>
     <span class='ocr_line' id='line_1_36' title="bbox 221 3804 301 3849; baseline 0 -13"><span class='ocrx_word' id='word_1_276' title='bbox 221 3804 301 3849; x_wconf 68' lang='lat' dir='ltr'>gessa,</span> 
     </span>
    </p>
   </div>
   <div class='ocr_carea' id='block_1_5' title="bbox 261 3853 687 3909">
    <p class='ocr_par' dir='ltr' id='par_1_6' title="bbox 261 3853 687 3909">
     <span class='ocr_line' id='line_1_37' title="bbox 261 3853 687 3909; baseline -0.007 0"><span class='ocrx_word' id='word_1_277' title='bbox 261 3868 331 3909; x_wconf 85' lang='lat' dir='ltr'>roo.</span> <span class='ocrx_word' id='word_1_278' title='bbox 346 3869 388 3909; x_wconf 75' lang='lat' dir='ltr'>av.</span> <span class='ocrx_word' id='word_1_279' title='bbox 647 3853 687 3906; x_wconf 83' lang='grc'>22</span> 
     </span>
    </p>
   </div>
   <div class='ocr_carea' id='block_1_6' title="bbox 0 0 1354 4675">
    <p class='ocr_par' dir='ltr' id='par_1_7' title="bbox 0 0 1354 4675">
     <span class='ocr_line' id='line_1_38' title="bbox 0 0 1354 4675; baseline 0 7"><span class='ocrx_word' id='word_1_280' title='bbox 0 0 1354 4675; x_wconf 95' lang='lat' dir='ltr'> </span> 
     </span>
    </p>
   </div>
  </div>
 </body>
</html>
