2700 4675
314 547 356 605 ⁸4
687 533 812 585 omiti

311 687 510 762 prohibebant.
550 686 628 755 lam,
642 704 712 762 quos
726 701 813 743 nemo
831 687 950 758 propter
972 683 1181 760 ignobilitate!
1199 747 1201 754 ,

309 787 450 854 nominat,
464 787 596 844 sexcenti
610 791 686 854 sunt,
700 785 748 860 qui
761 784 838 841 inter
851 780 987 851 sicarios,
1002 789 1036 840 et
1048 785 1089 842 (le
1102 801 1179 844 vene·

297 885 385 964 ,liciis
399 887 584 942 accusabant.
598 885 647 958 qui
658 901 758 942 omncs
772 879 862 959 (quod
874 881 913 937 ad
924 897 976 937 me
991 880 1118 961 attinet)
1130 883 1180 939 rel·

308 983 369 1040 lem
380 984 524 1039 viverent.
567 982 651 1039 Nihil
672 983 752 1040 enirn
766 979 835 1037 mali
853 983 907 1046 est,
921 995 1019 1037 canes
1040 981 1086 1038 ibi
1108 995 1182 1056 quan

309 1081 444 1153 plurimos
466 1098 539 1148 esse,
553 1081 602 1136 ubi
615 1080 751 1153 permulti
763 1077 950 1145 observandi,
966 1081 1123 1155 multaque
1135 1095 1181 1136 ser·
1218 1141 1229 1166 .-

308 1180 406 1234 vaurla
419 1183 495 1236 sunt
536 1179 657 1247 Verum,
671 1184 703 1235 ut
721 1180 763 1247 fit,
777 1179 867 1234 multa
880 1191 984 1249 saepe,
999 1177 1182 1252 imprudenti·

308 1278 361 1333 bus
374 1278 592 1351 imperatoribus
607 1280 661 1346 vis,
679 1280 758 1335 bella
770 1293 806 1335 ac
819 1278 903 1334 turba
921 1276 1057 1335 molitur.
1079 1278 1179 1336 dumis

308 1377 340 1433 in
351 1379 417 1434 aliis
431 1380 514 1435 rebus
528 1383 590 1435 erat
607 1382 773 1451 occupatus,
796 1374 846 1450 qui
869 1391 1016 1433 summam
1030 1393 1130 1436 rerum
1142 1377 1181 1435 ab

307 1475 505 1545 ministrabat3
526 1482 607 1534 erant
628 1477 740 1534 interea
753 1477 802 1549 qui
815 1473 873 1530 suis
895 1474 1074 1532 vulneribus
1096 1476 1183 1534 merle·

305 1583 421 1628 rentur:
442 1574 491 1646 qui
502 1579 647 1649 tamquam
666 1575 691 1631 si
705 1574 795 1631 oll'usa
809 1571 990 1645 reipublicae
1008 1575 1183 1648 sempiterne

306 1685 364 1727 non
380 1677 465 1736 esset,
474 1671 515 1726 ita
523 1674 644 1728 ruebant
651 1672 683 1728 in
695 1670 831 1737 tenebris,
843 1667 1002 1743 omniaque
1011 1671 1181 1731 miscebant.

305 1768 439 1841 aquibus
460 1769 554 1836 miror,
568 1787 607 1827 ne
631 1771 706 1843 quod
720 1767 896 1842 judiciorum
909 1773 991 1825 esset
1013 1771 1181 1846 vestigium,

304 1881 365 1925 non
379 1868 514 1924 subsellia
527 1885 638 1943 quoque
652 1886 716 1925 esse
739 1868 897 1926 combusta.
918 1881 991 1923 narn
1015 1872 1048 1926 et
1069 1885 1182 1928 accusa¹

304 1970 381 2024 tores
403 1971 434 2024 et
440 1967 556 2040 judices
569 1970 752 2025 sustulerunt.
794 1966 860 2023 Hoc
873 1966 1024 2023 commodi
1038 1973 1099 2037 eat,
1112 1965 1186 2044 quot

304 2064 346 2120 ita
359 2065 507 2132 vixerunt,
525 2070 557 2121 ut
576 2071 664 2122 testes
678 2082 788 2131 omnes,
809 2064 834 2121 si
847 2068 1001 2135 cuperent,
1015 2065 1181 2125 mterficers

304 2176 363 2214 non
378 2166 504 2231 possent.
525 2179 602 2227 nam,
615 2164 684 2219 (lum
708 2163 856 2219 bominum
879 2178 971 2235 genus
987 2163 1057 2232 erit,
1072 2166 1125 2240 qui
1137 2177 1178 2222 ao·

304 2259 387 2312 cuset
408 2273 467 2322 cos,
481 2274 540 2314 uon
553 2258 663 2314 deerit:
684 2261 753 2316 dum
766 2260 873 2316 civitas
887 2259 951 2327 erit,
959 2260 1086 2334 judicia
1098 2265 1175 2322 fient·

303 2353 425 2424 Verum,
439 2360 470 2413 ut
481 2357 565 2430 coepi
579 2357 687 2425 dicere,
701 2364 731 2415 et
744 2358 876 2427 Erucius,
885 2359 960 2415 haec
970 2361 999 2417 si
1011 2362 1179 2422 haber-etin

177 2446 189 2465 '
303 2470 400 2524 causa,
414 2473 487 2531 quae
511 2458 747 2524 commemoravi,
761 2462 857 2530 posset
872 2473 909 2513 ea
922 2460 1063 2531 quamvis
1077 2462 1130 2520 diu
1142 2460 1178 2520 ol

302 2570 384 2610 cere:
406 2561 436 2610 et
451 2572 514 2627 ego,
522 2556 646 2629 judices,
657 2574 787 2629 possum:
809 2556 859 2612 sed
873 2555 905 2611 in
924 2555 1027 2614 animo
1041 2565 1101 2630 est,
1114 2576 1177 2637 qne·

246 2685 250 2691 -
301 2652 485 2707 mntlmorlum
499 2657 567 2708 ante
580 2655 653 2721 dixi,
662 2654 768 2711 leviter
777 2653 907 2720 transire,
920 2670 956 2711 ao
971 2659 1176 2717 tantummodo

301 2748 492 2822 perstringere
505 2763 733 2827 unamquamque
746 2768 819 2808 rem:
838 2755 870 2807 ut
882 2768 986 2809 omnes
997 2752 1174 2833 intelligant,

247 2871 291 2930 33
301 2863 347 2902 me
362 2864 420 2904 non
434 2848 529 2905 studio
537 2866 683 2918 accusare,
693 2851 745 2906 sed
757 2848 853 2906 officio
865 2849 1035 2909 defendere.
1080 2854 1175 2913 Video

300 2943 395 3018 igitur,
409 2965 510 3005 causas
525 2967 589 3004 esse
602 2951 768 3021 permultas,
781 2965 855 3022 quae
873 2947 961 3006 istum
974 2948 1171 3024 impellerent

299 3041 460 3099 Videamus
484 3062 573 3110 nunc,
592 3061 684 3117 ecqua
703 3047 824 3103 facultas
838 3043 1021 3118 suscipiendi
1034 3046 1171 3109 maleficii

297 3137 392 3192 suerit.
415 3140 474 3195 Ubi
488 3140 600 3197 occisus
614 3147 658 3196 est
673 3143 744 3199 Sex.
754 3140 901 3200 Roscius?
921 3143 1048 3204 Romae.
1072 3142 1170 3222 Quiri!

297 3238 339 3300 tu,
353 3234 451 3304 Rosci,
465 3237 515 3294 ubi
540 3243 609 3295 tunc
627 3238 713 3297 eras?
733 3241 853 3298 Romae.
893 3239 1038 3302 ⁰⁰Verum
1051 3248 1125 3321 quid
1137 3245 1170 3304 ad

297 3385 399 3448 spexerit
427 3387 518 3436 Clarum
527 3396 600 3438 autem
611 3396 652 3448 est,
671 3392 768 3453 aliquam
778 3394 857 3452 legem,
869 3396 895 3440 ut
904 3392 983 3454 opinor
1001 3396 1092 3456 Sullae,
1101 3398 1169 3453 trube,

297 3460 355 3508 quae
364 3461 467 3494 accusare
474 3450 603 3508 prohiberet
612 3450 741 3507 Antistium,
751 3467 796 3497 non
806 3453 876 3499 solum
885 3459 909 3498 et
918 3453 1018 3513 proprie,
1028 3456 1070 3502 sed
1077 3470 1168 3504 comm·

296 3505 355 3553 niter
364 3518 457 3565 omnes3
474 3521 515 3552 nec
532 3522 589 3569 quae
607 3524 709 3557 accusare
726 3509 862 3570 prohiberet,
875 3511 914 3557 sed
924 3524 982 3571 quae
992 3512 1027 3558 iba
1036 3512 1168 3563 circumi·

296 3563 360 3611 beret
369 3569 515 3622 accusatores,
521 3572 547 3612 ut
555 3567 602 3614 sine
609 3568 707 3628 periculo
716 3583 868 3615 accurarenon
877 3574 972 3629 possuit
994 3569 1033 3617 Sic
1042 3570 1167 3621 intem&

298 3622 379 3671 dicitur
388 3624 475 3671 sublata
490 3624 539 3683 lege
549 3626 634 3683 Sullae,
643 3641 693 3672 crrm
703 3641 755 3672 sane
765 3626 842 3673 relicta
850 3632 916 3683 essct,
926 3627 965 3672 sod
973 3627 1008 3675 ita
1017 3629 1166 3691 drounanip·

265 3707 269 3713 >
294 3683 326 3740 ta,
336 3689 361 3730 ut
367 3690 460 3746 propter
468 3683 552 3744 pericul
633 3682 637 3689 '
649 3685 767 3731 osuderet
775 3685 920 3731 intercedere.

174 3770 263 4084 Ἶ
291 3761 551 3869 lagny-mquam
650 3762 788 3822 ,sequuta
800 3764 903 3812 adrani
916 3763 1166 3831 namsieprnpn'sur,
