2700 4675
465 573 539 627 ΛΒΤ.
555 570 586 626 ll.
601 566 699 626 LIBER
711 570 842 624 enudus.
1025 571 1088 633 209

220 724 282 781 mla
293 728 392 782 tamen
403 722 568 782 liberaliter
576 721 693 780 tribuit:
713 723 792 777 bona
798 716 941 793 quaedam
950 715 1090 789 prescrip

223 826 317 877 torum
344 821 376 879 in
400 838 469 895 agro
495 822 711 878 Beneventano
736 816 898 889 diripienda
923 813 1069 872 concessit
1082 833 1096 871 s.

222 917 324 975 habuit
350 920 490 976 honorem
512 922 544 975 ut
567 915 716 989 proditori,
742 931 802 974 non
825 919 857 971 ut
877 912 973 971 amico
994 913 1090 970 tidem.

223 1014 322 1082 Nunc,
336 1014 469 1090 quamvis
482 1013 542 1072 sint
555 1012 696 1080 homines,
705 1013 754 1087 qui
762 1016 903 1070 mortuum
912 1012 968 1070 On.
984 1012 1091 1069 Carbo-

224 1130 294 1169 nem
307 1114 437 1170 oderint:
457 1117 554 1169 tamen
565 1111 596 1168 hi
609 1113 726 1178 debent,
736 1127 805 1177 non,
815 1110 884 1184 quid
898 1110 942 1169 illi
956 1110 1092 1167 accidere

225 1211 380 1278 voluerint,
393 1212 444 1267 sed
457 1210 523 1284 quid
537 1208 606 1282 ipsis
619 1208 651 1266 in
670 1208 724 1265 tali
742 1226 773 1266 re
786 1210 972 1266 metuendum
984 1209 1033 1277 sit,
1044 1226 1092 1267 co-

225 1306 326 1381 gitare.
351 1308 526 1366 commune
539 1313 585 1364 est
597 1308 654 1365 hoc
676 1309 793 1374 malum,
806 1307 968 1364 communis
990 1313 1092 1376 metus,
1155 1321 1158 1332 ·

225 1421 375 1463 commune
389 1407 557 1479 periculum.
586 1406 694 1462 Nullae
702 1411 769 1461 sunt
777 1404 950 1461 occultiores
960 1404 1094 1473 insidiae,

225 1519 310 1579 quam
330 1522 394 1573 eae,
417 1522 491 1578 quse
514 1506 608 1560 latent
631 1502 662 1558 in
685 1501 869 1559 simulatione
888 1502 986 1569 officii,
999 1502 1093 1559 autin

224 1602 320 1676 aliquo
331 1601 555 1661 necessitudinis
564 1600 692 1659 nomine.
712 1618 781 1658 nam
795 1618 870 1667 eum,
878 1601 927 1675 qui
939 1602 1034 1673 palam
1047 1604 1094 1659 est

224 1701 415 1768 sdversarius,
437 1699 524 1759 facile
548 1701 683 1758 cavendo
702 1700 797 1757 vitare
819 1698 929 1773 possis:
951 1700 1007 1756 hoc
1022 1716 1093 1757 vero

223 1800 379 1867 occultum,
392 1799 563 1857 intestinum
576 1815 611 1855 ac
624 1799 816 1855 domesticum
830 1800 946 1864 malum,
960 1816 1020 1855 non
1034 1814 1093 1856 mo·

225 1896 264 1953 do
278 1913 336 1968 non
350 1896 474 1963 exsistit,
488 1895 692 1953 verumetiam
705 1896 851 1968 opprimit,
864 1902 1018 1968 antequem
1032 1914 1094 1969 pro,-

225 1994 338 2067 spicere
362 1999 449 2067 atque
474 1995 625 2065 explorare
647 1992 781 2065 potueris.
822 1994 908 2049 ltane
933 1990 1030 2050 vero?
1053 1999 1094 2061 tu,

226 2108 295 2149 cum
307 2096 440 2165 quaestor
453 2091 491 2147 ad
504 2089 663 2147 exercitum
684 2090 787 2147 missus
801 2089 850 2157 sis,
863 2094 960 2147 custos
975 2107 1036 2147 non
1049 2108 1095 2147 so·

225 2190 288 2247 lum
301 2188 453 2262 pecuniae,
465 2190 517 2246 sed
539 2188 629 2245 etiam
642 2190 787 2246 consulis:
807 2190 951 2263 particeps
964 2188 1094 2247 omnium

226 2304 320 2346 rerum
343 2286 587 2362 consiliorumque
606 2286 710 2345 fueris:
731 2288 844 2347 habitus
858 2276 898 2346 sis
918 2289 949 2347 in
970 2286 1094 2346 liberrim

226 2388 301 2456 loco,
314 2387 389 2445 sicut
410 2405 472 2446 mos
491 2387 631 2460 majorum
644 2387 769 2444 terebat:
790 2393 910 2461 repente
923 2387 1068 2460 relinquas
1081 2383 1095 2444 ‘l

225 2483 362 2544 deseras?
381 2486 420 2542 ad
441 2483 622 2542 adversarios
645 2481 803 2541 transeas?
823 2484 850 2541 0
869 2487 979 2539 scelus!
1000 2501 1020 2540 o
1033 2501 1095 2556 por·

226 2579 340 2641 tentum
352 2581 372 2614 ³⁴
382 2583 415 2640 in
427 2582 543 2640 ultimas
567 2586 656 2638 terras
675 2582 904 2653 exportanduml
932 2581 1001 2637 Non
1015 2580 1094 2642 enim

227 2684 325 2755 potest
350 2697 386 2736 ea
413 2683 524 2747 nature,
545 2695 618 2753 quae
641 2683 754 2736 tantum
776 2678 889 2735 lacinus
908 2679 1094 2750 commiserit,

225 2777 284 2836 hoc
298 2795 356 2835 uno
378 2779 490 2835 scelere
514 2793 578 2832 esse
602 2781 751 2834 contenta.
771 2793 892 2834 necesse
913 2783 959 2834 est
981 2794 1096 2850 semper

226 2876 336 2952 aliquid
349 2875 490 2950 ejusmodi
501 2873 651 2932 moliatur:
672 2891 792 2932 necesse
806 2879 851 2931 est
863 2874 895 2930 in
908 2874 996 2931 simili
1009 2876 1095 2932 auda·

227 2974 277 3034 cia
298 2976 473 3051 perfidiaque
497 2977 637 3032 versetur.
690 2974 792 3047 ltaque
815 2972 893 3029 idem
918 2971 983 3040 iste,
1009 2989 1094 3047 quem

227 3069 284 3132 (ln.
299 3074 453 3132 Dolabella
467 3078 577 3147 postea,
592 3072 627 3130 C.
645 3071 786 3130 Malleolo
810 3071 919 3138 occiso,
932 3088 983 3143 pro
995 3089 1094 3146 quaes·
1136 3091 1138 3098 ·

227 3176 291 3229 tore
305 3173 413 3239 hebuit,
425 3168 515 3248 (haud
536 3171 607 3239 scio,
621 3188 659 3228 an
673 3169 765 3243 major
777 3169 866 3227 etiam
882 3171 954 3226 haec
969 3171 1094 3229 necessi·

227 3269 299 3325 tudo
311 3268 405 3336 luerit,
418 3286 502 3343 quam
514 3269 566 3327 illa
581 3269 732 3336 Carbonis,
750 3286 786 3326 ac
810 3270 874 3342 plus
887 3268 1030 3341 judicium
1044 3285 1094 3328 vo·

196 3438 199 3443 ⁴
228 3364 349 3424 luntatis
364 3365 472 3433 valere,
480 3382 566 3439 quam
578 3366 661 3422 sortis
675 3363 803 3444 debeat)
810 3367 888 3423 idem
898 3366 930 3423 in
939 3367 994 3425 Cn.
1006 3368 1095 3424 Dols·

228 3464 346 3529 bellam,
360 3462 409 3536 qui
427 3462 458 3520 in
472 3462 528 3520 Oa.
544 3462 707 3522 Carbonem
726 3463 790 3522 luit.
830 3465 909 3524 Nam
921 3482 995 3540 quae
1008 3465 1040 3523 in
1054 3464 1096 3538 ip

241 3592 245 3598 ?
257 3616 280 3650 ³⁴
294 3616 322 3662 in
330 3613 420 3666 ultimas.
429 3619 444 3662 l.
456 3615 633 3675 experiendum]
664 3615 700 3663 Er
708 3614 789 3663 usitata
799 3616 918 3664 rationein
933 3619 976 3663 lrse
985 3613 1097 3664 sententia

226 3674 369 3736 exprimenda
380 3674 478 3720 debebat
485 3687 532 3720 esse
541 3674 708 3731 dspmtsndum.
734 3676 795 3722 Nam
803 3681 915 3734 asportare
924 3676 948 3721 in
957 3676 1036 3732 benun
1046 3687 1096 3731 par·

225 3739 273 3781 tem
283 3733 372 3787 dicitur,
382 3736 408 3778 ut
417 3733 446 3779 de
454 3732 568 3790 mercibus,
579 3747 619 3779 nec
636 3747 661 3780 us
677 3733 722 3779 iam
740 3740 781 3781 sut
788 3733 857 3782 aliter
865 3734 946 3796 reperi,
955 3729 1097 3779 annualis

224 3794 339 3854 repertum
349 3790 403 3838 vidi.
414 3856 418 3862 .
435 3792 514 3853 ltaque
523 3790 554 3840 sie
562 3788 635 3852 corrig
677 3806 715 3838 um
724 3797 786 3855 puto.

266 3890 338 3933 roo.
358 3891 400 3931 rv.
639 3876 677 3931 20
697 3870 716 3907 *
