2700 4675
271 577 335 637 eu
605 561 799 622 ulmis«

271 720 440 790 venisseut3
459 735 627 795 responsum
640 724 776 788 tulerunt,
786 715 930 792 ejusmodi
945 716 1149 792 querimoniis,

270 816 292 850 ⁸
300 837 375 893 quoe
388 821 425 877 od
438 821 566 895 legatum
580 819 677 895 populi
690 818 815 877 Romani
828 818 1026 891 pertinerent,
1041 835 1100 876 non
1113 817 1144 874 sd

273 923 444 992 praetorem,
464 921 515 976 sed
538 921 661 977 Romam
686 916 789 976 deterri
810 922 954 990 oportere.
997 914 1095 989 ‘Qua
1114 918 1146 974 de

271 1033 304 1074 re
328 1016 535 1073 Charidemum
557 1017 664 1075 Chium
691 1015 888 1073 testimonium
912 1014 1010 1088 priore
1033 1015 1144 1073 actione

271 1113 370 1170 dicere
383 1114 522 1170 audistis:
544 1132 617 1181 sese,
632 1131 699 1171 cum
713 1121 790 1171 esset
811 1113 996 1181 trierarchus,
1021 1118 1053 1171 et
1076 1115 1142 1171 Ver

271 1227 333 1269 rem
347 1229 385 1269 ex
412 1213 486 1271 Asin
510 1214 701 1270 decedentem
729 1217 959 1287 prosequeretur,
976 1213 1061 1286 jussu
1089 1214 1142 1269 Do

271 1315 397 1372 labellue
423 1314 511 1373 luisse
536 1331 594 1371 uno
621 1331 687 1371 cum
714 1313 771 1370 isto
800 1313 902 1369 Sarni:
931 1329 1048 1386 seseque
1082 1316 1141 1368 turn

271 1412 347 1471 scire
367 1412 521 1487 spoliatum
541 1429 605 1469 esse
625 1411 723 1470 lanum
742 1409 868 1468 lunonis
883 1415 913 1467 et
933 1409 1067 1484 oppidum
1089 1409 1140 1466 Ss-

272 1527 366 1568 mum:
388 1518 544 1585 posteaque
563 1530 595 1569 se
615 1528 733 1568 causam
753 1511 827 1583 apud
849 1509 953 1576 Chios,
967 1508 1049 1566 cives
1069 1523 1139 1575 suos,

273 1608 380 1666 Sumiis
407 1611 619 1676 ammantibus,
649 1606 796 1682 ”publice
826 1607 956 1665 dixisse:
986 1626 1079 1682 eoque
1110 1623 1137 1663 se

271 1723 335 1764 esse
350 1708 518 1774 elreolutum,
532 1709 607 1782 quod
622 1709 740 1780 pilanum
754 1705 880 1774 fecisset,
898 1724 944 1774 ea,
955 1725 1030 1781 quae
1058 1701 1138 1780 legati

274 1804 436 1862 Samiorum
449 1805 589 1872 dicerent,
600 1806 637 1861 ad
651 1806 785 1873 Verrem,
800 1822 859 1862 non
873 1806 909 1862 ad
935 1824 977 1874 se,
991 1806 1135 1880 pertinere.

274 1905 354 1977 Ques
375 1905 431 1961 iste
456 1906 566 1961 tabulas
591 1903 684 1971 illinc,
708 1921 781 1978 quae
805 1904 889 1978 signs
907 1901 1054 1962 sustulit?
1073 1917 1137 1978 quse

274 2004 402 2077 cognovi
417 2008 531 2077 egomet
551 2005 626 2076 apud
650 2004 736 2059 istum
761 2002 792 2059 in
816 2003 936 2060 aedibus
960 2022 1061 2078 nuper,
1081 2013 1137 2060 cunt

273 2101 446 2175 obsignandi
479 2102 571 2175 gratie
606 2102 760 2158 venissem.
823 2101 906 2172 Quae
942 2102 1028 2178 signa
1061 2117 1136 2168 nune,

273 2198 391 2264 Verres,
402 2200 452 2254 ubi
463 2197 549 2255 sunt?
569 2199 620 2254 illa
633 2217 748 2273 quaero,
762 2218 835 2273 quae
850 2201 927 2273 apud
948 2205 979 2257 te
1000 2218 1090 2276 nuper
1106 2197 1137 2256 ad

272 2313 373 2354 omnes
387 2298 545 2362 columnas,
558 2297 691 2354 omnibus
713 2299 801 2356 etium
825 2299 1068 2367 intercolumniis,
1086 2295 1137 2355 “in

272 2395 348 2453 silva
365 2396 489 2470 denique
510 2395 649 2465 ‹lisposita
671 2400 723 2452 sub
747 2398 817 2454 divo
838 2396 978 2454 vidimus.
1022 2398 1081 2456 Cur
1099 2413 1136 2463 eo,

272 2496 407 2571 quamdiu
422 2495 510 2552 alium
523 2501 682 2567 praetorem
697 2512 763 2551 cum
777 2496 813 2552 ils
828 2495 990 2567 judicibus,
1016 2514 1085 2571 quos
1108 2495 1136 2552 in

302 2648 322 2679 ⁴¹
328 2663 382 2705 panc
391 2649 421 2692 ud
430 2650 526 2705 legatum
539 2665 562 2705 p.
574 2649 604 2697 R.
619 2650 774 2709 pertinerent]
805 2648 882 2696 uuam
897 2649 969 2708 legati
986 2650 1137 2712 imperatorin

272 2704 296 2751 in
315 2704 452 2773 exercitibus,
473 2712 503 2774 et¹
515 2708 683 2766 provincialium
699 2723 735 2753 ma
750 2706 874 2762 istmtuum,
891 2708 962 2766 iegati
979 2708 1059 2770 popuii
1073 2708 1100 2756 R
1109 2706 1137 2753 di·

272 2764 522 2818 mutunutahirlocu.
555 2768 641 2813 inimo.
660 2770 695 2813 31.
780 2768 821 2812 troc
839 2767 914 2823 legato
932 2782 1068 2827 coproseere
1083 2768 1138 2814 lieo

271 2827 420 2928 ιιοιιίἐὲιτιείιέῐι,
431 2823 483 2928 gu?
493 2838 536 2870 non
546 2831 594 2871 erat
604 2826 689 2884 legatus
699 2822 772 2886 ipsius,
783 2830 806 2870 et
815 2828 902 2872 tautum
911 2841 1030 2887 persuum
1039 2823 1138 2887 provini-

272 2896 326 2929 amr
398 2896 431 2928 cre
448 2899 477 2929 a.

301 2962 324 2994 ⁴²
338 2963 390 3015 Quo
399 2963 460 3009 dere
469 2963 629 3011 Charidemum
644 2989 652 2999 ·
665 2989 676 2999 ·
691 2962 800 3009 candoe
807 2961 938 3020 pertinere]
972 2959 1137 3011 Haeciaord·

272 3019 312 3065 bus
322 3022 372 3066 edd.
385 3026 435 3067 sunt
444 3021 467 3067 in
476 3037 495 3067 c.
507 3026 542 3069 29.
554 3022 668 3091 principio,
680 3028 729 3093 post
738 3022 806 3067 verba
815 3025 960 3079 rectorum
967 3037 1081 3081 pugnam
1109 3018 1138 3067 ih

271 3077 315 3123 nuc
323 3079 434 3133 transtuli,
445 3080 497 3138 quia
505 3081 620 3125 manifeste
629 3086 742 3141 pertinent
750 3082 779 3127 ad
787 3079 944 3141 spoliationem
954 3084 1046 3128 tautum
1062 3078 1138 3140 mpii,

271 3148 312 3179 nec
321 3134 361 3179 ilio
370 3135 394 3180 in
404 3136 453 3181 looo
462 3152 511 3182 cum
519 3139 699 3187 antecedentibus
707 3141 833 3187 oohnerent.
864 3138 937 3198 spero
955 3154 992 3187 me
1010 3141 1138 3187 induetur!¹

270 3190 402 3251 positionem
411 3194 511 3239 omnibus
518 3195 674 3254 probaturum:
692 3199 810 3260 mirorque,
821 3196 932 3244 neminem
948 3198 985 3244 irio
996 3199 1100 3246 haesisse

300 3268 414 3337 ⁴8pedites
422 3271 521 3374 ιζίιίιιοὶ]
537 3272 584 3318 Cur
591 3275 680 3329 pollice
688 3278 749 3322 dixit
757 3274 874 3345 oamssmi‘
885 3276 958 3344 inrum
967 3276 1077 3338 privatim
1086 3272 1139 3328 diiii.

270 3329 1140 3443 iiiiiilitlifflntllltlinsiiiiil'timisi-,iffi

271 3446 340 3517 iegnti
346 3461 359 3491 e
366 3447 457 3491 decreto
466 3422 562 3519 civitatis
571 3409 704 3498 accuseruui¹
709 3427 874 3499 Charidemum.
888 3454 971 3513 itaque
980 3428 1013 3499 sic
1024 3448 1139 3514 ἰιιῑιειῬῑΙὶῦΙ

270 3505 536 3625 ἓοέἑὲιὲἷῃςειιῧῖιίὶνθιὸιιιιι
550 3523 620 3568 ipsum
630 3511 711 3568 delevi,
723 3513 782 3573 quod
798 3516 832 3558 est
848 3511 872 3559 in
891 3511 997 3561 maias
1017 3513 1088 3571 libris,
1104 3520 1139 3557 Μ

300 3644 322 3677 44
335 3644 362 3691 iu
370 3645 432 3690 silvo.
475 3643 534 3690 iidd.
562 3661 579 3691 r.
591 3647 772 3696 lnbentiasulo:
788 3651 846 3711 qnod
856 3651 954 3697 nutavit
1069 3648 1138 3699 Alth·

271 3702 301 3750 in
311 3704 373 3759 siim,
382 3718 412 3764 qu
452 3703 521 3749 habet
560 3720 577 3750 s.
588 3705 617 3752 G.
628 3708 670 3753 etsi
680 3713 754 3768 potest
764 3708 952 3781 intelligideviri
984 3710 1028 3766 rio,
1039 3714 1066 3757 ut
1081 3709 1140 3755 noe-

271 3767 373 3871 ffimr
385 3762 507 3833 Asconiusc
520 3767 598 3809 tamen
616 3769 639 3811 et
653 3766 852 3835 imuloaexplioarr
869 3772 954 3833 ponet.
987 3769 1055 3819 Nan
1070 3762 1140 3817 ver·-

355 3826 430 3884 poturt
439 3822 571 3871 essernmla.
588 3838 609 3871 v.
619 3822 684 3871 Clav.
695 3840 718 3872 ιιι
728 3827 751 3874 ir.
762 3842 783 3872 v.
