2700 4675
223 498 289 544 7111
533 470 759 531 PRAEFATIO.

221 632 319 782 dubio
337 629 478 709 fecisset,
499 631 526 695 si
546 629 626 697 iltius
641 630 782 698 notitiam
797 636 833 694 et
847 628 973 717 copiam
994 627 1090 693 habu·

222 739 285 785 mse
302 762 311 779 .

267 804 321 869 Ex
346 803 406 867 hac
434 803 601 881 Adamica,
629 804 697 868 sive
718 802 979 876 Watdarieriana,
995 798 1093 862 ducta
1182 824 1185 831 ·

221 891 441 976 estproximo,
466 911 546 971 quae
570 891 717 955 Venetiis
738 913 767 952 a.
793 894 887 952 1480.
910 892 1018 951 curata
1042 892 1094 947 est

222 997 281 1061 per
294 974 340 1038 N.
355 973 395 1036 G.
414 976 434 1034 i.
448 994 477 1035 e.
495 973 673 1039 Nicolaum
686 975 954 1061 Girardeugum:
975 990 1046 1034 nam
1060 977 1094 1032 et

223 1060 354 1147 paginae
370 1059 458 1144 ipsae
481 1059 643 1142 utriusque
668 1061 878 1135 consentiunt,
899 1080 960 1122 nec
974 1059 1094 1143 plures,

223 1166 283 1208 nec
300 1145 360 1207 atio
374 1144 483 1207 ordine
499 1144 595 1208 habet
609 1145 777 1222 orationes,
792 1146 850 1207 sed
873 1153 976 1207 tamen
991 1144 1044 1218 ita,
1060 1149 1096 1204 ut

223 1231 264 1293 ab
280 1252 318 1293 ea
333 1230 488 1295 interdum
504 1229 689 1319 discrepent
700 1232 770 1317 ejus
785 1232 949 1306 lectiones,
964 1236 1000 1291 ut
1013 1249 1046 1291 v.
1064 1247 1094 1288 c.

225 1316 257 1381 in
284 1316 373 1380 Orat.
398 1337 457 1403 pro
473 1316 561 1380 Rnb.
578 1316 674 1381 Post.
702 1320 733 1381 in
760 1339 822 1401 qua
843 1312 1095 1382 Waldarferiana

224 1403 317 1466 valde
330 1404 444 1466 vitiosa
459 1412 529 1467 est:
553 1411 586 1468 et
600 1404 631 1467 in
647 1425 686 1467 ea
700 1405 769 1490 ipsa
781 1404 864 1466 clara
878 1401 994 1465 indicia
1009 1404 1093 1473 suut,

226 1508 295 1550 eam
307 1489 587 1553 aWaldarseriana
601 1498 701 1553 ortam
717 1510 800 1553 esse.
812 1512 845 1552 v.
858 1496 923 1553 not.
937 1487 977 1549 ad
994 1506 1023 1548 c.
1043 1488 1094 1546 12.

226 1581 308 1635 extr.
355 1573 450 1637 Hanc
476 1582 579 1639 tamen
603 1576 773 1639 editionem
793 1575 949 1638 Gruterus
964 1572 1096 1659 primam

226 1657 306 1721 dicit
330 1658 370 1719 ad
386 1659 476 1721 Orat.
499 1661 530 1722 in
554 1659 630 1725 Seu.
655 1667 728 1748 post
750 1660 836 1724 Red.
854 1680 883 1723 c.
901 1666 932 1721 6.
952 1659 983 1721 in
997 1655 1096 1719 verbo

227 1742 352 1819 literas,
368 1745 443 1806 item
455 1744 495 1807 ad
512 1744 570 1808 Or.
586 1769 645 1831 pro
663 1746 790 1812 Olueut.
804 1748 857 1808 67.
881 1745 948 1810 init.
964 1742 1020 1806 ubi
1034 1742 1098 1803 lec·

227 1829 342 1894 tionem
359 1839 580 1894 commemorat
603 1854 645 1896 ex
664 1833 814 1908 editione,
837 1838 873 1894 ut
894 1832 946 1906 ait,
962 1826 1098 1891 omnium

225 1917 341 2000 prima,¹
361 1937 441 2000 quae
467 1917 500 1980 in
522 1919 605 1981 nulla
630 1918 826 2004 superiorum
851 1924 911 1992 est,
934 1916 974 1977 de
996 1930 1096 1995 eaque

227 2001 307 2065 adeo
322 2003 541 2084 intelligendus
556 2026 682 2090 semper
695 2005 864 2080 Gruterum,
880 2024 952 2065 cum
967 2001 1099 2086 primam

226 2087 280 2148 vel
319 2088 507 2166 rimigeniam
523 2097 755 2165 commemorat,
768 2091 827 2152 etsi
838 2089 934 2151 lectio
946 2088 1016 2171 ipsa
1024 2091 1057 2145 et
1066 2083 1096 2143 in

228 2169 275 2232 W
306 2170 480 2233 darferiana
494 2174 546 2234 vel
569 2173 727 2236 Adamica
748 2174 915 2259 reperitur,
930 2179 966 2233 ut
980 2170 1099 2251 aliquot

227 2254 306 2317 locis
323 2263 434 2331 est,.ut
447 2277 506 2343 pro
524 2255 656 2320 anca‘u.
674 2280 704 2321 e.
724 2263 775 2320 10.
792 2267 825 2322 et
840 2258 927 2322 Rab.
945 2254 1047 2319 Perd.
1065 2273 1094 2314 c.

229 2345 260 2404 2.
307 2342 414 2427 Hujus
430 2342 576 2407 editionis
593 2348 773 2432 exemplum
793 2343 1010 2431 suppeditavit
1023 2338 1099 2404 Bib-

228 2427 365 2492 liotheca
378 2436 485 2492 nostra
499 2429 650 2495 Paulliua.

273 2514 421 2577 Proxima
441 2515 515 2577 huic
536 2525 585 2581 est
602 2517 777 2582 Brixiensis
793 2518 863 2582 anni
877 2519 970 2579 1483.
1018 2509 1099 2574 Eam

230 2600 464 2660 commemorari
488 2601 629 2662 videram
650 2625 670 2662 a
691 2603 829 2666 Grutero
849 2604 889 2665 ad
904 2600 1035 2665 Verrin·
1052 2594 1097 2669 11,

231 2685 285 2740 28.
303 2679 396 2741 catil.
413 2680 440 2754 1,
456 2684 488 2739 2.
534 2681 679 2762 conjeci,
695 2689 872 2767 exemplum
894 2688 963 2769 ejus
980 2706 1030 2748 me
1045 2682 1103 2744 ha·-

231 2763 319 2838 bere,
350 2783 423 2824 cum
452 2784 471 2823 e
500 2763 661 2827 Britannia
694 2767 890 2850 accepissem
919 2767 1099 2848 exemplum

232 2848 419 2912 Orationum
445 2847 511 2910 sine
534 2849 555 2910 l.
583 2858 615 2911 et
636 2871 664 2910 a.
690 2850 776 2932 quod
802 2850 916 2911 formas
941 2850 1099 2911 literarum

232 2934 349 2996 similes
364 2953 435 2995 esse
458 2932 604 2996 videbam
626 2934 674 3010 iis,
691 2954 771 3016 quae
794 2935 824 2996 in
840 2934 973 3017 antiquis
989 2931 1099 2995 editio-

232 3019 324 3083 nibus
351 3018 580 3094 Brixiensibus,
600 3019 778 3084 nominatim
798 3019 966 3095 Macrobii,
982 3025 1099 3093 essent,

233 3110 267 3166 ct
282 3101 431 3166 indicium
452 3102 515 3166 loci
538 3109 571 3165 et
592 3104 661 3165 anni
682 3105 818 3168 ablatum
832 3125 914 3181 esse,
930 3110 1053 3167 resecta
1067 3103 1098 3165 in

234 3192 273 3250 eo
287 3187 434 3273 exemplo
449 3193 538 3273 parte
552 3188 651 3251 ultimi
665 3190 730 3253 folii
752 3191 822 3268 ima,
838 3191 869 3253 in
884 3212 947 3274 qua
961 3189 1030 3274 ejus
1045 3210 1107 3252 no·-

234 3272 311 3336 tatio
326 3272 449 3335 fuisset.
492 3271 563 3336 Nec
579 3295 628 3336 me
644 3275 714 3360 ejus
730 3277 932 3362 conjecturae
947 3274 1099 3362 poenitet,

235 3379 308 3421 cum
322 3357 406 3420 nulla
420 3356 478 3420 alia
493 3368 752 3425 commemoretur
767 3364 805 3425 ab
821 3363 884 3425 uilo
893 3362 1000 3439 editio,
1009 3381 1106 3448 prae·-

234 3450 284 3508 ter
306 3442 388 3506 hanc
411 3442 605 3522 Brixianam.
624 3467 705 3530 quae
726 3447 819 3532 hujus
843 3448 952 3512 aetatis
979 3448 1031 3524 sit,
1057 3445 1100 3509 ad

236 3549 328 3630 quam
358 3528 421 3590 hoc
442 3537 582 3593 nostrum
605 3533 783 3620 exemplum
808 3534 976 3621 pertinere,
997 3533 1098 3596 forma

234 3615 393 3678 luterarum
405 3616 514 3696 arguit.
563 3615 754 3702 conjectura
768 3621 861 3684 etiam
875 3641 924 3684 me
940 3641 979 3683 eo
994 3617 1106 3691 duait*

234 3705 270 3762 nt
283 3717 383 3766 eame
406 3695 553 3770 Romana·
564 3699 689 3768 ductam
703 3713 856 3790 putarem,
874 3705 959 3790 qnod
974 3700 1097 3766 eam-ab
