2700 4675
326 548 390 609 210
628 557 631 566 ·
665 539 701 591 ut
716 537 862 590 VERREM

327 689 490 763 proverbio,
501 705 587 765 quem
600 689 700 747 omnia
709 690 786 747 intuo
799 702 906 745 canere
919 682 1077 751 dicebaut,
1086 682 1206 774 suahrlil,

327 793 358 844 et
371 789 402 845 in
415 788 527 846 intimis
551 789 611 846 cuia
635 789 755 846 oedibus
780 785 894 861 posuit:
924 782 989 839 ⁴‘'ut
1011 782 1107 840 etiam
1132 783 1207 839 illum

326 886 421 959 ipaum
431 888 553 945 artificio
566 905 619 945 suo
632 905 781 962 supermae
795 886 937 941 videatur.
980 883 1100 956 Pergae
1111 882 1202 939 lanum

326 985 557 1057 antiquissimum
570 991 601 1042 et
614 986 829 1044 sanctissimum
854 983 970 1040 Dianae
998 982 1110 1039 ecimus
1133 998 1202 1038 eme.

325 1082 358 1138 id
370 1098 481 1156 quoque
494 1100 513 1140 a
527 1089 556 1141 te
581 1086 720 1140 nudatum
735 1101 770 1139 ac
794 1082 950 1155 spoliatum
970 1097 1058 1151 esae3
1081 1099 1122 1138 ex
1144 1080 1201 1154 ipro

328 1178 438 1247 Diana,
451 1183 526 1255 quod
540 1182 666 1237 habehat
691 1181 761 1249 auri,
778 1183 942 1239 detractum
962 1184 1054 1253 utque
1075 1181 1200 1236 ¹ablatum

326 1294 391 1336 ease
405 1280 481 1336 (lico.
513 1261 608 1353 Quae,
627 1282 743 1346 malum,
757 1285 802 1337 est
814 1280 871 1336 ista
884 1283 967 1335 tanta
982 1277 1105 1336 audacio
1118 1282 1199 1351 alque

327 1377 480 1437 umentia?
499 1397 570 1454 quaa
585 1380 662 1437 enim
677 1379 820 1436 sociorum
834 1384 920 1451 atque
943 1377 1099 1434 amicorum
1115 1376 1198 1433 urbe·

327 1477 413 1533 adisti
429 1479 583 1549 legationis
590 1480 657 1551 Jure
671 1483 702 1535 et
715 1468 850 1545 nominec
871 1476 897 1533 si
912 1476 944 1532 in
957 1492 1010 1533 eae
1025 1475 1056 1531 ri
1069 1491 1138 1531 cum
1150 1491 1197 1531 ex·

326 1573 419 1629 ercitu
446 1575 623 1650 imperioque
655 1577 823 1643 iuvasisaee,
850 1564 959 1642 tamen,
987 1574 1102 1648 opinor,
1128 1590 1194 1649 quae

326 1669 408 1742 sigua
421 1677 506 1744 atque
517 1679 686 1729 ornamenta
700 1692 737 1731 ex
750 1674 794 1730 hia
807 1673 923 1730 urbibus
937 1673 1116 1740 sustulissem
1126 1673 1191 1728 haec

326 1786 385 1825 nou
399 1770 429 1825 iu
444 1775 522 1826 tuam
543 1772 669 1840 domum,
684 1778 777 1845 ireque
802 1773 832 1829 in
847 1774 1013 1829 suburbana
1031 1772 1192 1837 amicam,

273 1852 311 1912 Ἢ
326 1869 377 1924 secl
392 1869 516 1927 Romam
526 1870 557 1926 in
572 1871 719 1943 publicum
745 1872 936 1943 deportassea.
982 1870 1062 1943 Quid
1086 1888 1142 1945 ego
1161 1870 1191 1926 de

327 1967 370 2024 M.
386 1968 528 2026 Marcello
541 1972 649 2044 loquar,
662 1970 712 2043 qui
737 1971 906 2043 Syracusas,
927 1961 1031 2025 urbem
1056 1965 1192 2026 ornatiori·

326 2082 412 2130 mam,
426 2065 530 2139 cepit?
549 2069 667 2141 quidde
682 2069 717 2126 L.
734 2068 882 2140 Scipione,
895 2057 944 2141 qui
958 2069 1071 2124 bellum
1080 2067 1113 2124 in
1128 2053 1190 2124 haia

325 2163 423 2234 gessit,
448 2166 694 2238 Antiochumque,
715 2183 813 2240 regem
836 2164 1084 2238 potentissimum,
1104 2157 1204 2222 viciti·

325 2259 393 2333 quid
407 2261 443 2316 ‹le
459 2262 635 2329 Flaminino,
648 2263 698 2338 qui
711 2282 809 2338 regem
823 2263 993 2337 Philippum
1007 2270 1039 2321 et
1063 2262 1189 2321 uatem

326 2359 404 2417 niam
419 2359 553 2436 subegit?
573 2362 640 2436 quid
655 2363 692 2418 de
706 2363 741 2420 L.
757 2364 869 2430 Paullo,
890 2362 940 2436 qui
962 2380 1066 2438 regem
1090 2364 1188 2420 Persea

327 2459 358 2516 vi
381 2478 423 2517 ao
439 2461 547 2517 virtute
568 2459 739 2534 superavit?
767 2462 892 2535 quidde
919 2461 956 2518 1..
981 2457 1188 2535 Mummiqqui

324 2560 424 2614 urbem
439 2560 660 2631 pulcherrimam
672 2565 756 2634 atque
771 2559 996 2627 ornatissimam,
1012 2561 1187 2624 Corinthum.

324 2657 520 2726 plenissimam
536 2676 628 2716 rerum
641 2659 779 2726 omnium,
792 2659 915 2726 sustulit,
938 2661 1086 2735 urbesque
1102 2659 1187 2719 Acin·

317 2752 369 2826 jae
384 2755 580 2832 Boeotiaeque
595 2760 697 2816 multas
711 2760 764 2815 auh
777 2757 929 2830 imperium
953 2759 1057 2832 populi
1073 2753 1186 2817 namuri

323 2852 520 2930 ditionemque
534 2853 703 2930 subjunxit?
721 2873 839 2931 quorum
855 2857 969 2927 domuc,
992 2873 1064 2915 cum
1087 2859 1185 2915 honoro

323 2959 354 3008 et
367 2954 474 3010 virtute
489 2955 631 3023 florerent,
645 2955 735 3030 signia
749 2959 780 3012 et
800 2954 904 3011 tabulis
923 2953 1015 3027 pictis
1040 2963 1124 3014 erant
1144 2968 1186 3011 m·

323 3040 404 3104 cuae.
447 3053 488 3107 At
512 3072 583 3109 vero
606 3056 706 3110 urbem
733 3058 832 3120 totam,
855 3054 966 3126 templa
987 3056 1187 3123 deorumque

323 3161 430 3218 pesque
445 3149 548 3204 ltaliae
573 3156 677 3221 parles,
694 3153 807 3210 illorum
830 3150 914 3208 donia
938 3168 976 3210 ac
999 3149 1186 3229 mouumenti

322 3249 478 3300 exornatae
493 3247 633 3302 videmus.
674 3251 796 3318 Vereor,
810 3268 848 3307 ne
862 3252 937 3308 haec
962 3250 1040 3310 forte
1063 3252 1186 3327 cuiquam

321 3340 408 3398 nimis
433 3343 559 3418 antiqua,
579 3350 609 3400 et
629 3345 693 3418 jam
714 3351 844 3406 obsoleta
865 3347 1033 3408 videantur.
1055 3350 1099 3409 ita
1117 3348 1185 3408 enim

321 3445 381 3498 tum
405 3441 592 3515 aequabiliter
615 3462 715 3503 omnes
743 3432 835 3504 eraut
856 3447 1034 3520 hujusmodi,
1061 3454 1096 3507 ut
1120 3449 1184 3505 hm

320 3541 382 3597 laus
396 3538 522 3596 eximiae
537 3540 651 3600 virtutis
666 3550 696 3601 et
712 3545 909 3613 innocentiae,
918 3562 978 3603 non
1001 3540 1185 3605 eolumhorui·

324 3751 329 3761 ¹
349 3693 370 3726 ⁴⁸
384 3699 410 3741 u
419 3694 485 3740 oum
498 3719 508 3728 -
521 3719 531 3728 -
545 3693 665 3762 muta]
682 3698 808 3758 Subtrigida
817 3665 1025 3762 manumque
1031 3693 1185 3749 quartuli·

319 3757 381 3798 cutus
389 3759 412 3798 et
421 3752 514 3800 intimis.
548 3752 623 3800 utum
638 3770 676 3801 mco
687 3763 812 3818 suspectum
826 3762 861 3806 eut
877 3756 1024 3822 quibudam
1040 3752 1183 3819 Μαΐῳ]

320 3810 453 3859 homnium:
470 3812 639 3861 etaauemelius
648 3814 742 3863 abesset.
