2700 4675
294 549 360 610 ers
630 535 824 590 ΨΜ
910 547 915 573 ·’

291 691 390 764 cipem
409 686 446 748 0.
467 687 601 757 Verrem,
621 689 674 746 sed
697 686 858 761 principem
882 682 974 742 tuisse
997 684 1178 759 reperietirr

293 788 403 847 Delum
425 788 515 844 venit.
549 786 593 845 ibi
615 805 653 844 ex
673 787 741 845 lano
766 784 913 858 Apollinis
939 784 1166 859 religiosissimo

291 891 380 943 noctu
394 888 472 944 clam
482 885 596 942 sustulit
608 882 890 958 signapulcherrlmn
903 885 992 955 atque
1003 882 1169 958 antiquissi-

291 999 355 1041 ma:
376 999 467 1055 eaque
492 983 525 1039 in
548 981 709 1039 onerariam
742 998 848 1040 navem
870 996 953 1037 suam
976 981 1167 1056 conjicienda

217 1135 219 1140 .
290 1080 414 1138 curavit
455 1078 599 1135 Postridie
609 1094 675 1134 cum
698 1079 796 1136 lanum
810 1078 966 1151 spoliatum
985 1077 1167 1148 viderentii,

292 1177 342 1252 qui
368 1165 476 1234 Delum
496 1175 674 1242 incolebant,
697 1175 826 1249 graviter
848 1175 989 1236 terebant·
1011 1183 1058 1233 est
1088 1178 1166 1236 enim

291 1278 374 1332 tauta
386 1275 462 1347 apud
476 1291 525 1330 eos
539 1274 601 1347 ejus
615 1273 676 1331 lani
690 1273 793 1347 religio
806 1279 892 1347 atque
905 1273 1073 1348 antiquitas,
1087 1280 1119 1332 ut
1131 1276 1164 1332 in

291 1390 329 1430 eo
352 1377 418 1431 loco
442 1373 537 1446 ipsum
568 1372 738 1446 Apollinem
767 1377 869 1428 natum
888 1389 955 1429 esse
979 1372 1161 1429 mbitrentur.

291 1473 413 1528 verbum
424 1478 522 1529 tamen
535 1471 631 1527 iacere
645 1488 704 1528 non
718 1472 872 1537 audebant,
881 1487 920 1527 ne
933 1471 1007 1528 torte
1018 1487 1052 1527 ea
1064 1487 1111 1527 res
1124 1470 1164 1528 ad

241 1555 280 1613 1⁰
293 1568 476 1625 Dolabellam
488 1570 581 1641 ipsum
592 1569 757 1642 pertineret.
780 1568 859 1626 Tum
869 1569 965 1626 subito
975 1574 1164 1643 tempestates

290 1669 407 1722 coortae
422 1671 488 1722 sunt
503 1665 787 1738 maximaejudices,
798 1673 829 1723 ut
840 1684 898 1724 non
911 1668 998 1724 modo
1011 1667 1164 1741 proficisci,

290 1777 358 1820 cum
371 1769 498 1836 cuperet,
512 1763 668 1821 Dolabella
681 1781 740 1820 nou
752 1770 858 1836 posset,
871 1766 922 1822 sed
937 1765 991 1822 vix
1001 1766 1034 1824 in
1057 1767 1164 1841 oppido

289 1861 478 1920 consisteret:
498 1860 540 1918 ita
555 1862 653 1936 magni
670 1862 772 1919 fluctus
793 1862 993 1936 ejiciebantur.
1036 1866 1097 1924 Hic
1117 1882 1164 1924 na·

291 1958 403 2017 visilia
422 1961 574 2033 praedonis
587 1960 679 2028 istius,
701 1968 805 2018 onusta
827 1960 917 2035 signis
941 1962 1096 2037 religiosis,
1114 1980 1163 2022 ex·

291 2060 480 2133 pulsantque
502 2060 597 2132 ejecte
620 2060 718 2128 fluctu,
742 2060 888 2134 frangitur.
908 2059 941 2117 in
959 2060 1058 2120 littore
1082 2063 1163 2139 signa

291 2153 343 2211 illa
358 2156 505 2227 Apollinis
520 2156 716 2229 reperiuntur:
730 2157 814 2232 jussu
828 2160 1003 2218 Dolabellae
1024 2179 1162 2236 reponun-

290 2254 351 2307 tur:
373 2254 672 2322 tempestnssedatur:
695 2257 850 2314 Dolabella
863 2258 942 2314 Delo
961 2260 1161 2331 proficiscitur.

291 2349 360 2408 Non
375 2350 485 2419 dubito,
495 2351 574 2425 quin,
588 2354 703 2411 tametsi
720 2358 814 2413 nullus
828 2356 860 2414 in
874 2360 903 2414 te
916 2375 1021 2417 sensus
1034 2359 1161 2419 humani·

290 2450 369 2518 tntis,
383 2451 462 2508 nulla
475 2451 548 2508 ratio
562 2469 695 2526 umquam
709 2453 762 2511 tuit
783 2455 941 2529 religionis,
954 2475 1035 2516 nunc
1055 2464 1161 2528 tamen,

290 2547 321 2604 in
336 2554 414 2605 metu
428 2550 611 2625 periculoque
625 2556 684 2618 tuo,
698 2556 809 2608 tuorum
829 2552 883 2609 tibi
901 2556 1046 2615 scelerum
1061 2558 1160 2615 veniat

289 2644 322 2701 in
335 2650 472 2703 mentem.
513 2648 652 2705 Potestne
663 2649 718 2706 tibi
731 2652 790 2706 ulla
802 2668 869 2723 spes
887 2653 989 2710 salutis
1010 2657 1161 2715 commoda

288 2743 412 2811 ostendi,
435 2760 502 2801 cum
523 2747 691 2815 recordaris,
714 2747 746 2804 in
768 2749 840 2805 deos
863 2748 1046 2811 immortales
1078 2769 1160 2830 quam

219 2890 222 2895 ,
289 2837 405 2913 impius,
418 2860 503 2916 quam
518 2846 684 2914 sceleratus,
697 2863 781 2920 quam
796 2846 919 2904 nefarius
938 2848 1052 2908 tueris?
1074 2854 1160 2926 Apol·

229 2969 232 2976 ·
289 2938 419 2998 linemne
434 2946 464 2999 lu
480 2943 598 3000 Delium
611 2943 734 3017 spoliare
754 2962 838 3003 ausus
858 2942 915 3004 es?
933 2944 1019 3006 illine
1040 2955 1075 3007 tn
1094 2956 1160 3009 tem·

289 3037 348 3106 plo,
371 3044 430 3093 tam
451 3039 579 3112 antiquo,
602 3046 663 3098 tam
683 3048 795 3111 sancto,
816 3049 876 3101 tam
897 3044 1036 3119 religioso
1060 3064 1160 3107 mant!

288 3129 393 3201 impias
407 3149 441 3189 ac
455 3136 610 3208 sacrilegas
625 3139 726 3196 afferre
740 3147 860 3198 conatus
872 3139 925 3199 es?
946 3143 980 3201 si
994 3143 1028 3202 in
1038 3147 1160 3219 pueritia

288 3243 347 3285 non
363 3227 408 3284 his
423 3229 535 3300 ,artibus
556 3237 586 3288 et
607 3234 770 3309 disciplinis
790 3239 938 3297 institutus
961 3259 1039 3313 eras,
1063 3251 1098 3303 ut
1118 3262 1160 3315 ea,

288 3344 361 3403 quae
376 3327 479 3385 litteris
492 3332 625 3388 mandata
634 3339 710 3403 sunt,
720 3337 847 3396 disceres
855 3344 940 3414 atque
950 3356 1158 3417 cognosceres:

287 3444 326 3484 ne
341 3431 440 3500 postea
453 3428 578 3500 quidem,
591 3447 658 3488 cum
671 3432 703 3489 in
717 3452 753 3491 ea
773 3436 837 3509 ipsa
851 3439 917 3494 loca
931 3439 1056 3510 venisti,
1082 3449 1159 3517 potu·

263 3533 274 3550 *
286 3525 336 3582 isti
347 3524 480 3604 accipere
502 3525 543 3594 id,
555 3529 630 3601 quod
645 3535 690 3587 est
710 3533 851 3604 proditum
865 3535 1024 3596 memoriae
1034 3556 1073 3598 ac
1087 3542 1164 3605 litte

286 3620 348 3681 ris?
369 3624 511 3681 Latonam
525 3617 671 3702 exlongo
690 3647 783 3689 errore
807 3637 838 3690 et
862 3634 939 3708 iuga,
952 3638 1120 3709 gravidam,
1131 3641 1160 3696 et

278 3719 343 3796 jam
374 3726 410 3783 ad
442 3725 612 3802 pariendum
648 3729 788 3805 vicinam,
821 3736 997 3813 temporibus
1034 3741 1183 3811 exacti..

175 3830 205 4065 l
