2700 4675
331 659 337 678 ι
435 589 501 643 rao
515 589 583 639 sax.
598 587 713 639 aoscro
728 586 890 637 aucaruo.
1050 591 1091 650 39

222 755 302 798 ruore
314 738 459 812 majorum
479 742 676 811 comparatum
690 740 744 803 est,
761 735 839 791 utin
859 731 987 791 minimis
1008 733 1092 791 rebus

223 836 356 896 homines
370 835 542 908 amplissimi
555 833 752 895 testimouium
766 833 803 888 de
817 848 869 889 sua
886 850 916 888 re
936 849 996 889 nou
1017 830 1094 888 dice·

224 937 299 992 rent.
342 933 511 999 Africanus,
524 932 573 1007 qui
586 949 638 988 suo
647 931 819 1006 cognomine
833 932 969 999 declarat,
980 931 1095 989 tertiam

224 1035 339 1106 partem
352 1030 430 1087 orbis
449 1035 586 1088 terrarum
599 1048 631 1088 ae
646 1031 802 1105 subegisse,
816 1035 924 1099 tamem
945 1031 971 1088 si
983 1048 1037 1088 sua
1050 1047 1095 1088 res

226 1133 369 1202 ageretur,
383 1128 578 1187 testimonium
591 1147 650 1187 non
664 1130 784 1187 diceret.
797 1147 865 1187 nam
876 1130 947 1187 illud
961 1130 992 1188 iu
1006 1132 1095 1187 talem

227 1226 324 1284 virum
336 1244 394 1285 nou
408 1229 508 1293 ,audeo
520 1228 637 1298 dicere3
651 1228 676 1285 si
697 1230 817 1296 diceret,
838 1246 897 1286 uon
921 1230 1094 1286 crederetur.

228 1325 339 1384 Videte
352 1345 439 1396 nunc,
463 1345 548 1403 quam
571 1345 657 1383 versa
672 1331 702 1383 et
715 1332 826 1384 mumta
838 1327 871 1384 iu
895 1327 1022 1400 pejorem
1035 1345 1097 1401 par·

226 1430 287 1483 tam
310 1425 369 1483 aiut
382 1427 490 1484 omnia.
532 1427 607 1485 Cum
621 1426 659 1482 de
674 1425 758 1483 bonis
779 1430 809 1482 et
822 1426 859 1481 de
873 1426 965 1482 caede
987 1430 1097 1500 agatur,

224 1523 424 1583 testimonium
438 1526 567 1583 dicturus
580 1531 625 1583 est
638 1528 673 1594 is,
687 1526 737 1601 qui
750 1530 780 1581 et
790 1529 885 1582 sector
897 1529 942 1581 est
955 1529 986 1582 et
999 1525 1097 1583 sicari-

225 1640 277 1681 us:
298 1624 354 1681 hoc
383 1629 438 1693 est,
465 1624 514 1699 qui
538 1630 569 1682 et
594 1625 709 1683 illorum
733 1624 860 1698 ipsorum
884 1626 1032 1692 bonorum,
1057 1626 1096 1682 de

224 1722 328 1797 quibus
352 1723 454 1797 agitur,
478 1728 590 1798 emptor
612 1730 699 1800 atque
725 1740 873 1798 possessor
895 1728 949 1792 est,
977 1728 1095 1781 etcum

224 1820 373 1879 homiuem
386 1822 579 1881 occidendum
592 1824 717 1891 curavit,
730 1825 767 1881 da
780 1826 862 1898 cujus
876 1827 967 1880 morte
986 1822 1097 1898 quaeri·

226 1924 282 1975 tur.
324 1920 401 1991 Quid
415 1926 455 1988 tu,
466 1922 513 1977 vir
522 1920 654 1994 optime?
674 1921 779 1995 ecquid
793 1918 892 1988 habes,
902 1922 979 1995 quod
992 1917 1097 1977 dicae?

226 2016 301 2073 mihi
324 2019 471 2074 ausculta:
492 2017 571 2085 uide,
595 2035 634 2075 ue
655 2016 710 2076 ubi
733 2018 819 2075 desis.
844 2024 895 2075 tua
917 2034 1028 2093 quoque
1051 2035 1097 2076 res

198 2097 202 2104 ⁴
227 2131 387 2189 permagna
413 2114 516 2188 agitur.
540 2116 631 2174 multa
651 2118 803 2185 scelerate,
824 2119 915 2174 multa
940 2118 1096 2187 audaciter,

224 2216 318 2272 multa
330 2214 459 2288 impmbe
471 2213 583 2274 fecisti:
603 2232 693 2274 unum
713 2216 890 2286 stultissime,
903 2217 1033 2291 proiecto
1046 2223 1096 2275 tua

224 2299 339 2389 sponte,
353 2331 412 2372 nou
425 2315 462 2372 de
477 2314 577 2374 Emcii
590 2316 755 2375 sententia:
775 2317 850 2375 nihil
863 2333 934 2391 opus
954 2316 1018 2386 luit,
1030 2314 1051 2350 ⁰¹
1064 2322 1094 2376 te

224 2413 294 2471 istic
320 2416 430 2472 sedere.
471 2417 575 2490 Neque
599 2415 679 2475 euim
699 2421 867 2473 accusatore
889 2420 978 2483 muto,
1001 2432 1095 2490 neque

224 2516 301 2570 teste
314 2512 462 2587 quisquam
475 2513 565 2570 utitur
578 2531 623 2581 eo,
637 2513 688 2587 qui
707 2515 745 2570 de
759 2512 937 2570 accusatoris
958 2513 1098 2570 subsellio

225 2611 327 2683 surgit.
368 2612 435 2668 Huc
462 2611 587 2679 accedit,
614 2611 689 2685 quod
716 2612 814 2684 paullo
839 2610 981 2670 occultior
1009 2615 1096 2686 atque

225 2707 444 2779 tectiorffvestra
457 2708 514 2766 ista
527 2708 670 2783 cupiditas
684 2714 770 2766 esset.
784 2726 862 2767 uuuc
875 2708 1004 2785 quidest,
1019 2710 1096 2785 quod

225 2807 376 2883 quisquam
390 2826 429 2865 ex
442 2808 527 2866 vobis
538 2807 637 2866 audire
647 2809 801 2877 desideret,
814 2826 890 2878 cum,
903 2826 977 2884 quae
987 2809 1094 2879 facitis,

225 2907 367 2982 ejusmodi
392 2907 460 2976 siut,
483 2912 516 2964 ut
539 2924 575 2965 ea
599 2897 710 2964 dedita>
725 2924 813 2981 opera
839 2925 858 2964 a
883 2908 966 2965 uobis
992 2912 1096 2965 contra

225 3007 418 3080 vosmetipsos
433 3006 530 3065 facere
544 3003 728 3065 videamini?
749 3008 816 3082 Age
829 3023 918 3076 nuuc,
931 3006 982 3064 illa
996 3006 1094 3065 videa·

223 3123 296 3173 mus,
314 3106 438 3179 judices,
452 3124 526 3182 quae
540 3107 637 3164 statim
649 3109 809 3164 consecuta
822 3109 898 3163 suut.
940 3106 989 3164 Ad
1003 3106 1094 3164 Vola·

223 3209 316 3262 terras
328 3205 361 3262 in
370 3211 466 3265 castra
478 3206 514 3263 L.
531 3207 630 3263 Sullae
643 3223 721 3263 mors
731 3207 802 3263 Sex.
814 3204 924 3272 Roscii,
934 3206 1092 3279 quatriduo,

226 3319 283 3376 quo
297 3301 321 3359 is
334 3302 446 3360 occisus
464 3308 518 3372 est,
532 3303 727 3379 Chrysogono
742 3297 898 3362 nuntiatur.
939 3305 1092 3376 Quaeritur
1101 3294 1142 3357 37

225 3398 317 3456 etiam
330 3417 416 3468 nuuc,
435 3401 497 3476 quis
519 3419 587 3460 eum
609 3403 741 3460 nuntium
761 3400 895 3460 miserit?
909 3403 1016 3460 Nonne
1030 3421 1092 3475 per·

224 3496 420 3570 apicuumest,
439 3501 571 3568 eundem,
588 3499 638 3575 qui
660 3498 831 3559 Ameriam?
858 3500 947 3559 Curat
965 3501 1093 3572 Chryso·

222 3612 328 3673 gorius,
347 3600 380 3654 ut
397 3597 459 3670 ejus
476 3600 553 3657 bona
570 3603 700 3659 venenat
717 3599 833 3669 tiatim3
854 3599 903 3676 qui
924 3615 985 3656 uon
1008 3600 1092 3655 norat

252 3748 278 3783 ⁰⁷
289 3748 466 3810 laistiaaedera]
491 3748 555 3797 Haec
564 3751 734 3801 lectiodebetur
752 3753 842 3814 ingenio
856 3749 1001 3802 Hotomanu.
1031 3747 1094 3797 Mus..

220 3813 246 3858 et
256 3809 307 3856 edd.
319 3823 395 3857 omues
404 3814 424 3858 te
432 3809 574 3860 adauae,
583 3810 643 3858 male
651 3815 675 3858 et
683 3812 730 3862 siaa
743 3827 815 3862 amau.

262 3908 335 3952 rou.
355 3910 398 3952 rr.
619 3890 688 3951 lo*
