2700 4675
230 585 291 629 m
548 560 769 618 PRAEFATIO.

230 720 310 782 bene
334 725 485 785 mutatum
514 739 596 795 esse,
622 719 707 784 unde
736 718 861 807 etipse
885 702 1112 793 correctiones

230 826 326 891 saepe
342 826 410 868 sum
433 813 573 870 secutus.
621 806 720 879 Quod
744 806 785 869 ad
807 812 895 870 notas
911 806 1039 886 attinet,
1066 814 1112 878 in-

230 892 421 977 terpretibus
447 901 480 955 et
509 892 664 957 orationes
695 892 866 975 intelligere
896 894 1110 979 cupientibus

230 977 410 1051 destinatas,
426 987 552 1062 praeter
563 978 705 1043 Asconii
721 986 754 1042 et
769 980 846 1041 alins
862 978 980 1062 antiqui
993 980 1111 1046 Gram-

231 1062 335 1123 matici
366 1059 506 1138 Scholia,
537 1063 726 1148 optimorum
752 1065 968 1150 interpretum,
1002 1067 1112 1132 Hoto-

230 1148 342 1222 manni,
369 1147 424 1229 qui
450 1155 516 1210 eta
539 1148 650 1210 critica
675 1156 764 1234 parte
786 1150 977 1213 orationibus
1008 1154 1111 1237 pluri·

231 1254 313 1296 mum
328 1232 456 1319 profuit,
473 1242 505 1296 et
527 1234 606 1296 libro
632 1235 760 1317 antiquo
782 1234 908 1320 adjutus
925 1245 957 1297 et
977 1236 1111 1320 judicio

230 1320 366 1401 egregio,
392 1319 548 1397 Lambini,
575 1329 607 1383 et
637 1320 675 1382 P.
694 1320 827 1384 Manutii
854 1322 991 1403 integros
1021 1334 1111 1389 com-

230 1406 407 1483 mentarios,
429 1407 619 1489 aliorumque
644 1408 697 1469 vel
723 1407 755 1470 in
782 1407 920 1489 singulas
945 1410 1111 1475 orationes

230 1501 330 1567 notas,
355 1494 406 1555 rel
431 1493 571 1556 delectas
598 1493 732 1555 addidit.
778 1493 883 1578 Ipsius
910 1494 1038 1576 quidem
1065 1518 1112 1561 ex

229 1578 292 1639 hoc
308 1589 423 1657 genere
439 1579 531 1641 valde
547 1580 646 1640 bonae
669 1579 840 1663 pleraeque
859 1588 942 1655 sunt,
963 1581 1109 1663 inprimis

231 1663 271 1723 ad
305 1663 481 1745 exquisitae
527 1663 686 1726 latinitatis
727 1664 960 1747 intelligentiam
1000 1668 1109 1731 utiles.

232 1747 440 1811 Hotomunni
457 1749 695 1813 commentarius
719 1749 853 1834 primum
868 1752 985 1836 prodiit
1001 1751 1109 1815 Paris.

232 1856 260 1895 a.
282 1839 374 1897 1552.
392 1836 414 1897 l.
440 1835 550 1897 iterum
567 1835 737 1917 castigatus
759 1836 863 1899 denuo
881 1841 974 1899 1554.
992 1837 1112 1903 desinit

231 1922 323 1985 inor.
341 1943 389 2007 pr.
408 1920 450 1985 L.
468 1920 630 1986 Maecilio.
1031 1935 1034 1942 '

275 2009 353 2072 Post
374 2009 457 2072 hunc
474 2010 628 2073 neminem
645 2010 761 2096 reperi,
786 2010 840 2093 qui
860 2009 1015 2072 orationes
1037 2010 1107 2072 uni-

232 2115 340 2157 versas
357 2096 524 2180 separatim
540 2097 677 2159 ediderit
700 2097 740 2158 ad
757 2096 946 2159 Criticorum
962 2102 994 2156 et
1010 2095 1106 2158 inter-

232 2186 357 2263 pretum
372 2201 481 2240 usum:
516 2181 574 2242 nisi
590 2201 631 2241 ex
646 2180 707 2242 hoc
729 2203 843 2261 genere
864 2188 913 2243 est
937 2202 983 2255 ea,
1007 2201 1106 2261 quam

231 2262 342 2328 Marc.
359 2263 525 2327 Antonius
539 2263 711 2328 Ferratius
733 2268 855 2330 curavit
875 2267 985 2329 Patav.
1005 2266 1101 2327 1729.

233 2357 263 2413 8.
281 2352 369 2414 Voll.
392 2357 423 2414 4.
440 2362 521 2414 ‘cum
548 2354 747 2435 argumentis,
774 2355 894 2436 analysi
918 2362 950 2416 et
965 2351 1101 2415 animad-

232 2439 440 2503 versionibus.
486 2439 560 2503 Non
581 2441 711 2523 contigit
734 2439 808 2505 mihi
833 2439 902 2524 ejus
923 2460 1018 2502 usus:
1040 2455 1100 2497 nec

231 2548 300 2590 eam
326 2527 442 2590 habere
462 2528 555 2590 valde
571 2535 624 2597 aut
648 2527 758 2591 videre
775 2529 870 2613 cupii,
896 2528 949 2609 qui
969 2545 1011 2587 ex
1030 2522 1100 2604 ipso

232 2613 322 2674 titulo
344 2613 475 2672 videbar
491 2612 673 2689 intelligere,
700 2634 767 2672 eam
789 2614 896 2695 pueris
917 2611 1104 2673 destinatam

231 2717 323 2758 esse:
358 2703 499 2755 celerum
515 2692 599 2750 illum
625 2693 817 2752 orationibus
842 2697 1005 2755 Ciceronis
1031 2715 1103 2776 pro-

232 2779 326 2840 desse
350 2777 381 2837 in
397 2776 495 2836 altero
511 2790 636 2850 genere,
653 2771 739 2851 quod
762 2775 892 2834 eruditis
917 2774 1103 2852 destinatur,

232 2861 402 2926 instituisse
419 2860 449 2920 in
464 2852 679 2940 Epistularum
705 2855 791 2916 libris
818 2875 876 2916 sex
899 2856 929 2916 in
944 2856 1102 2918 orationes

232 2946 407 3021 Ciceronis,
434 2941 581 3006 Venetiis
606 2963 634 3003 a.
660 2941 753 3004 1738.
778 2945 809 3002 4.
834 2940 939 3017 editis,
966 2937 999 3001 id
1023 2961 1101 3004 vero

232 3056 291 3097 non
308 3030 475 3095 tacendum
491 3035 560 3092 est:
587 3049 645 3091 nec
662 3037 764 3093 tamen
780 3049 909 3115 possum
925 3027 1044 3102 dicere,
1061 3027 1101 3090 ab

230 3141 269 3182 eo
290 3117 364 3180 mihi
379 3117 410 3178 in
434 3116 529 3178 rebus
553 3115 668 3192 multis,
696 3115 879 3203 praesertim
902 3116 942 3178 ad
959 3114 1100 3178 criticam

229 3204 379 3267 rationem
395 3202 635 3287 pertinentibus
652 3204 847 3266 satisfactum
863 3224 946 3265 esse.

273 3291 398 3365 Restat,
424 3297 458 3351 ut
482 3288 599 3371 aliquid
630 3287 669 3350 de
696 3287 901 3373 Philippicis
932 3288 1100 3374 separatim

229 3376 381 3452 dicamus,
394 3375 518 3459 quando
534 3397 590 3438 eae
606 3375 777 3459 aplnribus
793 3376 960 3459 separatim
972 3372 1098 3436 curatae

229 3471 262 3526 et
288 3463 391 3527 editae
422 3471 505 3526 sunt.
552 3461 596 3524 Et
626 3462 746 3523 initium
769 3461 895 3542 quidem
926 3461 969 3522 ita
984 3460 1099 3523 edendi

228 3550 350 3614 Romae
374 3549 489 3612 fecisse
516 3549 648 3610 arbitror
668 3544 742 3610 Ulr.
761 3545 905 3622 Gallum,
922 3568 994 3610 cum
1009 3568 1098 3631 prae·

227 3638 341 3701 satione
369 3635 424 3700 Jo.
448 3633 634 3717 Campani:
666 3632 758 3713 cujus
781 3635 960 3718 exemplum
986 3633 1096 3695 videre

228 3725 303 3787 mihi
317 3747 377 3788 non
394 3721 534 3803 contigit.
582 3718 649 3782 sed
666 3719 808 3800 quoniam
828 3720 940 3782 eodem
955 3726 1096 3802 tempore

229 3810 355 3874 easdem
378 3808 419 3873 ed
435 3808 555 3870 calcem
578 3813 755 3868 ceterarum
776 3805 950 3869 orationum
966 3803 1096 3866 edidere

219 3994 228 4107 l
