2700 4675
324 485 391 560 332
662 492 697 541 lu
711 488 854 540 vultuum

323 643 408 699 datus
421 641 613 715 defensusque
627 643 665 698 ab
679 641 812 698 omnibus
826 636 944 704 Siculis,
958 640 990 693 ut
1010 635 1091 696 idem
1117 638 1197 699 Pom-

323 740 404 813 pejus
419 758 477 796 non
492 743 528 796 ab
543 741 660 797 homine
680 742 781 805 solum,
805 738 857 794 sed
881 736 970 792 etiam
992 754 1011 793 a
1036 739 1196 810 provincia,

323 843 385 895 tota
398 856 429 895 se
444 839 529 911 hujus
550 838 731 895 absolutione
751 836 823 894 inire
846 835 969 909 gratiam
992 834 1196 895 arbitraretur?

322 945 468 1009 postremo
482 944 564 993 estne
585 915 643 1004 bic,
664 936 712 1010 qui
734 944 764 992 et
786 934 913 991 animum
932 933 964 990 iu
987 935 1196 1008 rempublicam

321 1032 422 1091 habuit
436 1034 587 1106 ejusmodi,
599 1038 629 1089 et
642 1040 755 1090 tantum
766 1032 937 1090 auctoritate
946 1034 1023 1104 apud
1033 1052 1100 1090 auos
1111 1034 1193 1090 cives

321 1133 422 1205 potuit,
436 1137 467 1189 ut
482 1134 632 1205 perliceret
646 1134 677 1188 in
693 1131 796 1188 Sicilia
809 1134 898 1195 solus,
911 1137 941 1187 te
956 1136 1098 1203 praetore,
1117 1132 1192 1206 quod

321 1248 381 1289 non
395 1233 481 1288 modo
502 1231 619 1289 Siculus
633 1248 727 1296 nemu,
740 1231 793 1286 ced
816 1247 853 1286 ue
875 1228 980 1286 Sicilia
993 1230 1109 1303 quidem
1131 1234 1192 1287 tota

322 1331 483 1403 potuisset:
505 1337 537 1387 ut
568 1348 608 1386 ex
631 1331 738 1402 oppido
762 1327 901 1385 Thermis
926 1330 1034 1384 nrdlum
1064 1328 1188 1399 signum,

321 1432 433 1486 nullum
453 1435 662 1495 ornamentum,
678 1428 750 1483 nihil
764 1446 803 1483 ex
816 1443 907 1493 sacro,
923 1425 992 1481 nihil
1012 1427 1049 1481 de
1071 1425 1189 1497 publico

321 1527 498 1599 attingerem
520 1545 586 1584 cum
608 1526 775 1598 praesertim
799 1531 897 1581 essent
919 1526 1009 1579 multa
1031 1526 1188 1595 praeclara,

321 1627 352 1680 et
366 1631 396 1678 tu
416 1621 734 1695 omniaconcupieseei
756 1624 891 1697 Denique
915 1639 990 1677 nunc
1016 1620 1094 1686 vide,
1119 1620 1190 1695 quid

320 1720 397 1777 inter
409 1727 448 1789 te,
458 1724 540 1794 cujus
555 1724 672 1779 nomine
687 1724 762 1794 apud
778 1724 891 1779 Siculos
909 1721 971 1777 dies
984 1720 1052 1777 testi
1073 1721 1186 1795 agitan-

320 1824 375 1887 tur,
388 1826 417 1877 et
431 1823 577 1893 praeclara
592 1822 644 1877 illa
656 1820 770 1876 Verrea
790 1823 980 1887 celebrantur,
999 1820 1050 1876 cui
1075 1825 1187 1877 statuae

321 1920 432 1978 Romae
443 1925 521 1976 alunt
534 1919 694 1986 inauratae,
707 1937 725 1975 a
738 1918 885 1975 communi
901 1917 1031 1985 Siciliae,
1052 1919 1185 1993 quemad-

320 2020 436 2076 modum
458 2018 627 2090 inacriplum
657 2016 798 2083 videmus,
825 2018 929 2073 datae:
959 2016 1039 2084 vide,
1062 2017 1186 2090 inquam,

298 2156 300 2159 -
320 2116 388 2188 quid
401 2116 477 2172 inter
487 2122 525 2182 te,
540 2121 570 2171 et
585 2117 663 2172 hunc
675 2115 815 2183 Siculum,
829 2115 878 2189 qui
892 2117 942 2171 aba
957 2119 987 2170 te
1001 2120 1056 2183 est,
1068 2123 1186 2189 patrono

321 2215 453 2281 Siciliae,
465 2216 685 2282 condemnatus,
705 2215 830 2272 intersit.
873 2216 961 2271 Hunc
986 2216 1122 2272 civitates
1149 2232 1186 2271 ex

322 2313 425 2374 Sicilia
439 2316 606 2388 permultae,
620 2313 788 2371 testimonio
808 2331 869 2382 suo,
883 2304 1131 2388 legationibusque
1149 2314 1186 2371 ob

319 2432 385 2470 eam
398 2432 458 2470 rem
473 2414 576 2480 missis,
600 2413 716 2485 publice
744 2414 879 2468 laudaut:
901 2417 930 2468 te
950 2413 1080 2469 omnium
1105 2413 1185 2469 Sicu·

319 2514 411 2569 lurum
425 2518 584 2585 patronum,
598 2529 655 2566 uua
677 2510 853 2566 Mamertina
867 2510 984 2576 civitas,
999 2511 1080 2567 socia
1100 2510 1182 2566 furto-

320 2628 384 2667 rum
399 2628 433 2667 ac
449 2609 621 2682 flagitiorum
637 2614 759 2672 tuorum,
773 2608 888 2680 publice
900 2611 997 2665 laudat
1010 2630 1017 2664 :
1032 2611 1075 2666 ita
1085 2615 1187 2675 tamen,

318 2727 397 2766 novo
412 2726 499 2776 more,
512 2713 545 2764 ut
558 2707 646 2780 legati
658 2709 782 2772 laedant,
804 2707 911 2780 legatio
933 2708 1032 2764 laudet
1045 2728 1052 2762 ε
1074 2713 1185 2764 ceterae

317 2808 433 2881 quidem
444 2806 579 2864 civitates
594 2805 709 2878 publice
721 2804 833 2872 litteris,
844 2803 1048 2877 legationibus,
1059 2804 1183 2862 testimu-

317 2904 353 2960 iis
368 2912 516 2981 accusant,
530 2910 693 2980 queruntur,
707 2908 843 2976 arguunt:
873 2904 899 2959 ai
923 2907 954 2958 tu
975 2904 1123 2961 absolutus
1137 2903 1183 2970 sis,

264 3004 304 3064 47
317 2999 443 3058 funditus
458 3022 573 3059 eversus
588 3022 619 3057 se
636 3020 700 3058 esse
722 3001 902 3056 arbitrantur.
945 3001 1012 3058 Hoc
1034 3003 1072 3058 dc
1094 2999 1182 3058 homi·

317 3113 364 3158 ue,
378 3113 412 3150 ac
426 3100 463 3151 de
479 3100 563 3171 hujus
577 3099 669 3163 bonis,
684 3099 773 3155 etiam
792 3097 812 3129 ³⁰
822 3098 852 3154 iu
868 3097 1000 3170 Erycino
1009 3078 1112 3156 'monte
1126 3115 1181 3156 mc·

316 3196 485 3247 numentum
503 3198 613 3248 tuorum
623 3195 794 3267 flagitiorum
803 3194 1040 3269 crudelitatisque
1054 3196 1183 3271 posuisti:

315 3287 347 3346 iu
367 3304 423 3361 quo
446 3289 560 3345 Sthenii
585 3289 771 3350 Thermitani
799 3311 905 3350 nomen
926 3294 1106 3368 adscriptum
1132 3296 1182 3351 ert.

315 3388 394 3443 Vide
418 3391 586 3458 argenteum
611 3389 786 3462 Cupidinem
809 3410 877 3449 cum
910 3394 1055 3465 lampade.
1108 3390 1180 3465 Quid

314 3487 431 3542 tandem
445 3483 544 3540 habuit
557 3488 718 3559 argumenti
732 3493 781 3545 aut
796 3490 914 3547 rationis
928 3508 982 3558 res,
998 3493 1178 3565 quamobrem

343 3637 365 3668 ³⁶
379 3637 489 3695 inErycu
498 3639 586 3696 ucula]
618 3640 662 3686 Hic
675 3641 697 3687 in
715 3641 793 3700 Eryco
809 3642 951 3689 consentiunt
967 3642 1023 3689 libri
1041 3657 1124 3698 omnen,
1142 3635 1180 3686 nixi

312 3696 375 3798 pupas
389 3697 471 3800 biri&
484 3702 587 3757 corrupte
596 3697 691 3773 Frumo
708 3700 785 3761 scripsi
803 3700 942 3748 commatice
957 3716 1025 3750 muca
1036 3703 1137 3763 Ervum
1150 3710 1178 3744 ¹⁸·
