2700 4675
441 564 514 616 ΛΟΤ.
532 564 562 614 ll.
579 563 676 615 LlBER
691 560 868 613 SECUNDUS.
1014 567 1076 628 351

213 713 363 772 credamus
384 712 513 770 testibus.
528 718 588 771 tum
612 714 692 770 enim
713 710 814 768 honori
836 714 895 777 tuo,
916 725 993 767 nunc
1014 709 1078 779 jam

214 811 346 887 religioni
361 827 430 867 suae
444 814 607 871 consulunt.
621 811 667 868 sin
682 812 779 867 autenl
793 815 871 866 metu
884 808 980 866 coacti
993 808 1079 863 dede-

214 915 289 977 runt,
302 911 458 967 confiteare
472 927 593 967 necesse
608 916 661 977 est,
675 915 705 966 te
716 910 747 966 in
762 907 912 982 provincia
925 907 1080 980 pecuniam

215 1012 370 1065 statuamm
400 1008 518 1065 nomine
551 1026 603 1082 per
634 1008 696 1065 vim
729 1022 764 1065 nc
797 1013 906 1063 metum
938 1005 1078 1077 coegisse.

214 1105 320 1162 Utrum
333 1106 387 1162 tibi
400 1108 581 1164 commodum
594 1111 648 1173 est,
668 1106 755 1179 elige.
795 1105 938 1180 Equidem
956 1104 1080 1161 libenter
1090 1103 1132 1164 62

213 1202 270 1259 hoc
278 1204 341 1275 jam
355 1205 464 1262 crimen
479 1206 515 1261 de
529 1204 630 1261 statuis
645 1204 813 1279 relinquam,
827 1210 858 1260 ut
873 1203 944 1261 milri
959 1209 987 1259 tu
1007 1201 1080 1258 illud

212 1304 367 1369 concedas,
381 1304 455 1377 quod
474 1303 528 1360 tibi
543 1304 778 1361 honestissimum
802 1309 856 1369 est,
877 1308 1004 1358 aratores
1024 1299 1080 1357 tibi

214 1401 251 1457 ad
264 1406 388 1458 statuam
401 1402 517 1458 honoris
531 1402 574 1458 tui
594 1420 691 1468 causa,
705 1404 855 1457 voluntate
869 1418 930 1467 sua,
944 1398 1080 1456 contulis-

214 1514 255 1553 se.
298 1500 346 1555 Da
359 1499 430 1555 mihi
451 1501 516 1555 hoc.
530 1500 594 1572 jam
608 1499 662 1555 tibi
682 1499 839 1556 maximam
860 1504 968 1572 partem
982 1498 1079 1555 deten-
1169 1515 1171 1521 ·

214 1595 304 1653 sionis
319 1596 503 1669 praecideris.
545 1597 615 1653 Non
640 1597 719 1653 enirn
742 1597 859 1670 poteris,
879 1604 1004 1654 oratores
1025 1596 1080 1654 tibi

214 1694 302 1751 iratos
316 1713 380 1751 esse
394 1700 479 1769 atque
504 1694 648 1762 inimicos,
662 1697 769 1752 dicere.
811 1697 837 1754 0
852 1714 968 1754 causum
983 1699 1079 1771 singu·

213 1795 320 1850 larem!
342 1793 572 1851 odelensionem
597 1796 730 1852 miseram
753 1812 788 1851 ac
812 1798 969 1867 perditam!
999 1797 1078 1851 nolle

212 1890 269 1948 hoo
283 1892 416 1963 accipere
441 1907 519 1947 reum
534 1892 571 1946 ab
595 1897 771 1957 accusatore,
796 1896 906 1947 etcum
927 1909 1015 1956 reum,
1029 1890 1078 1964 qui

214 1997 329 2063 praetor
341 1990 373 2046 in
388 1989 491 2046 Sicilia
505 1988 600 2056 luerit,
615 1996 739 2045 aratores
762 1988 791 2043 ei
818 1994 942 2045 statuam
962 2006 1013 2044 sua
1027 2005 1078 2045 vo·

211 2089 323 2145 luntate
350 2088 498 2144 statuisse:
533 2092 658 2143 aratores
681 2089 718 2146 de
742 2103 778 2142 eo
802 2088 876 2143 bene
901 2086 1077 2153 existimare,

211 2187 320 2243 amicos
333 2203 406 2253 esse,
419 2190 532 2244 salvum
546 2203 609 2242 esse
623 2189 745 2259 cupere!
767 2185 878 2255 metuit,
892 2204 929 2243 ue
954 2186 1009 2242 hoc
1025 2202 1077 2241 vos

212 2284 393 2342 existimetis.
402 2286 530 2342 obmitur
542 2286 621 2342 euim
632 2290 774 2342 aratorum
784 2285 967 2344 testimoniis.
1002 2286 1077 2342 Utar

211 2401 256 2450 eo,
269 2385 344 2456 qnod
358 2383 449 2438 datur.
470 2391 550 2439 certe
570 2384 626 2438 hoc
651 2384 692 2439 ita
706 2384 790 2439 vobis
807 2385 996 2455 judicandum
1021 2388 1075 2452 est,

211 2498 270 2545 eos,
285 2479 333 2551 qui
346 2479 395 2533 isti
409 2479 602 2534 inimicissimi
616 2485 692 2546 sunt,
705 2487 737 2535 ut
751 2480 814 2550 ipse
828 2480 987 2536 existimari
1002 2484 1074 2548 vult,

209 2578 246 2633 ad
270 2574 352 2629 istius
377 2576 498 2631 honores
525 2583 610 2648 atque
634 2583 821 2633 monumenta
840 2577 992 2650 pecuniam
1016 2595 1075 2638 non

210 2673 361 2729 voluntate
376 2688 427 2726 sua
448 2671 614 2729 contulisse.
657 2675 755 2747 Atque
769 2680 801 2730 ut
820 2676 875 2732 lroc
890 2679 981 2730 totum
994 2675 1073 2732 lucil·

208 2773 278 2832 lime
297 2769 422 2843 intelligi
435 2770 534 2843 possit,
548 2788 632 2845 quem
657 2775 739 2828 voles
753 2789 851 2828 eorum
865 2772 990 2839 testium,
1003 2790 1073 2846 quos

206 2872 376 2946 produxero,
390 2868 439 2943 qui
457 2886 494 2925 ex
519 2867 622 2925 Sicilie
642 2875 730 2926 testes
744 2870 811 2935 sint,
832 2869 853 2900 ω
867 2871 931 2926 sive
945 2876 1073 2944 togatum

211 2970 296 3036 velis,
310 2968 375 3025 sive
391 2966 530 3034 Siculum,
544 2975 652 3041 rogato,
666 2972 697 3024 et
717 2985 792 3034 eum,
805 2968 853 3041 qui
868 2967 921 3024 tini
935 2968 1074 3028 inimicis·

208 3067 296 3125 simus
317 3084 381 3123 esse
405 3065 559 3132 videbitur,
583 3065 632 3140 qni
655 3084 687 3122 se
709 3066 861 3138 spoliatum
882 3084 900 3123 s
925 3073 953 3124 te
977 3067 1073 3140 dicel;

209 3166 312 3238 ecquid
336 3183 388 3221 suo
402 3164 517 3221 nomine
531 3164 562 3221 in
576 3170 654 3223 tuum
668 3171 791 3222 statuam
805 3167 968 3224 contulerit.
983 3169 1073 3227 nemi·

206 3280 275 3320 nem
301 3262 434 3334 reperies,
461 3263 509 3335 qui
535 3270 629 3337 neget.
656 3265 765 3321 etenim
792 3268 1071 3326 omnesdederunt.

208 3361 387 3434 Quemquam
400 3360 487 3433 igitur
507 3366 590 3432 putus
609 3362 813 3430 dubitaturum,
837 3366 906 3438 quin
929 3365 963 3430 is,
986 3381 1074 3436 quem

208 3456 438 3515 inimicissimum
463 3456 517 3513 tibi
529 3475 592 3514 esse
606 3467 746 3532 oporteat,
760 3461 808 3534 qui
821 3463 872 3518 abs
886 3468 914 3518 te
938 3463 1072 3535 gravissi·

238 3628 259 3661 ⁶⁸
274 3629 318 3675 siue
328 3631 502 3691 optumatis]
534 3632 560 3678 ln
569 3631 620 3678 edd.
631 3636 687 3677 vett.
697 3633 823 3680 eratss’oem
837 3633 901 3680 Rene
934 3633 1021 3680 EMss.
1032 3649 1070 3683 an·

202 3686 221 3733 ti
236 3687 268 3732 uis
278 3695 301 3731 et
312 3689 372 3733 bonis
382 3693 478 3744 togatum
487 3690 572 3737 editum
586 3696 626 3736 est.
637 3691 694 3736 iilud
704 3699 761 3738 esta
776 3694 903 3749 glossatore.
934 3692 993 3738 Mox
1012 3693 1071 3741 died

202 3746 312 3851 reigimm
329 3760 370 3810 pro
387 3747 450 3804 dicit,
463 3750 522 3808 quod
531 3754 565 3798 est
580 3749 603 3796 in
621 3751 657 3798 ed.
678 3750 743 3799 Grut
760 3751 807 3799 siue
823 3749 890 3798 dubio
907 3765 1025 3813 operarum
1034 3766 1068 3803 sr-
