2700 4675
459 553 529 600 ACT.
546 553 576 601 ll.
591 549 690 603 LIBER
704 549 881 601 sccundus.
1037 551 1102 614 313

230 695 258 752 si
273 695 369 770 aliqua
383 697 415 754 vi
428 716 460 755 se
480 700 625 773 eripuerit,
642 701 673 757 in
688 699 836 773 judicibus
849 698 888 757 sit
900 714 1021 756 neccsse
1040 701 1100 753 cst:

232 782 409 852 sententiam
428 798 466 853 de
484 798 581 871 capite
599 799 676 857 civis
698 797 824 855 Romani
843 798 934 854 ierat:
956 795 1027 853 siin
1040 795 1101 869 ejus

233 892 365 950 exercitu
392 894 521 968 signiter,
547 897 596 971 qui
622 896 773 969 imperium
797 895 974 969 judiciorum
1001 897 1102 951 tenere

232 992 305 1048 vult.
347 993 413 1050 Hoc
433 996 554 1068 populus
569 994 716 1052 Romanus
731 1000 854 1063 recusat,
878 995 934 1050 hoc
947 993 1021 1050 ferre
1041 1008 1101 1049 non

231 1094 342 1162 potest:
364 1092 481 1159 clamat,
500 1092 694 1168 permittitque
709 1092 810 1163 vobis;
834 1097 875 1161 ut,
895 1092 921 1149 si
935 1091 998 1149 istis
1011 1090 1102 1148 homi—

232 1186 316 1245 nibus
326 1190 521 1259 delectemini,
533 1191 560 1250 si
574 1210 613 1251 ex
624 1194 680 1250 hoc
693 1210 800 1267 genere
810 1192 994 1265 splendorem
1004 1186 1101 1247 ordini

231 1291 317 1360 atque
330 1294 528 1348 ornamentum
541 1291 639 1349 curiae
654 1291 831 1349 constituere
844 1288 954 1355 velitis,
966 1285 988 1319 ⁰
996 1288 1102 1343 habea·

230 1384 268 1443 tis
282 1403 352 1445 scna
366 1388 449 1446 vobis
464 1388 550 1447 istum
563 1395 744 1447 senatorem:
765 1388 854 1444 istum
862 1386 954 1443 etiam
964 1385 1001 1442 de
1016 1384 1101 1442 vobis

223 1483 366 1558 judicem,
387 1486 413 1543 si
435 1488 533 1555 vultis,
555 1486 703 1544 habeatis:
730 1488 768 1543 de
789 1503 822 1543 se
845 1484 987 1553 homines,
1011 1482 1101 1559 siqui

229 1586 312 1641 extra
330 1583 417 1642 istum
434 1585 565 1642 ordinet
578 1591 654 1653 sunt,
668 1585 770 1661 quibus
784 1603 822 1644 ne
840 1582 862 1615 ⁰
872 1582 1025 1659 rejiciundi
1038 1582 1100 1659 qui·

229 1681 296 1739 dem
319 1681 450 1756 amplius,
469 1702 555 1759 quam
569 1685 655 1744 trium
667 1686 810 1759 judicum,
831 1686 997 1760 praeclarae
1017 1685 1098 1757 leges

230 1779 385 1838 Corneliae
411 1781 521 1841 iaciunt
545 1790 728 1857 potestatem,
755 1786 833 1840 hunc
859 1783 1009 1840 hominem
1037 1785 1098 1837 tam

228 1879 385 1947 crudelem,
398 1884 459 1936 tam
472 1883 654 1947 sceleratum,
666 1888 728 1937 tam
738 1880 888 1946 nefarium,
902 1881 1006 1936 nolum
1020 1877 1098 1949 judi·

230 1992 308 2034 care.
351 1977 471 2034 Etenim
495 1979 520 2035 si
543 1977 614 2035 illud
641 1982 687 2034 est
711 1977 884 2050 flagitiosum
910 1973 999 2053 (quod
1026 1968 1150 2031 militi

228 2074 359 2131 omnium
372 2092 466 2132 rerum
487 2075 680 2150 turpissimum
694 2076 877 2151 maximeque
893 2072 1034 2133 netarium
1054 2072 1098 2130 vi·

228 2168 332 2252 detur).
342 2173 380 2229 ob
394 2191 455 2231 rem
467 2174 658 2247 judicandam
671 2177 827 2251 pecuniam
844 2176 990 2252 accipere,
1003 2173 1098 2249 pretio

226 2271 332 2329 habere
351 2272 497 2331 addictam
520 2275 606 2333 tidem
630 2281 661 2333 et
683 2276 870 2352 religionem:
891 2279 1000 2351 quanto
1020 2274 1097 2331 illud

227 2367 405 2445 flagitiosius,
415 2372 579 2446 improbius,
590 2373 748 2446 indignius,
761 2391 837 2438 eum,
847 2390 866 2428 a
875 2390 933 2446 quo
942 2372 1097 2444 pecuniam

226 2470 265 2527 ob
279 2471 489 2527 absolvendum
504 2470 662 2542 acceperis,
682 2471 893 2526 condemnare:
914 2473 998 2524 utne
1017 2483 1097 2538 prae·

226 2566 336 2625 donum
357 2566 473 2640 quidem
486 2572 599 2639 praetor
621 2566 652 2624 in
672 2567 730 2624 tide
751 2566 903 2623 retinenda
916 2562 1097 2623 consuetudi·

226 2680 296 2725 nem
310 2661 517 2721 conservaret?
537 2666 640 2722 Scelus
656 2669 703 2722 est
716 2664 850 2737 accipere
860 2666 897 2721 ab
904 2681 975 2721 reo:
988 2667 1097 2736 quanto

227 2762 321 2837 magis
345 2764 382 2819 ab
408 2759 597 2820 accusatore?
625 2767 734 2837 quanto
755 2758 844 2819 etiam
870 2759 1038 2820 sceleratius
1059 2760 1097 2816 ab

206 2851 344 2936 'utroque
356 2858 368 2919 i
382 2862 487 2919 Fidem
498 2878 564 2919 cum
578 2860 775 2934 proposuisses
790 2861 926 2939 venalem
935 2858 968 2915 in
981 2856 1097 2930 provin·

225 2958 281 3026 cia,
306 2960 398 3017 valuit
416 2960 491 3034 apud
513 2966 542 3017 te
567 2958 684 3033 pineis,
706 2957 756 3034 qui
781 2954 934 3031 pecuniam
957 2954 1095 3029 majorem

224 3057 315 3114 dedit.
356 3059 505 3116 Concedo.
526 3058 646 3116 forsitan
659 3055 765 3132 aliquis
784 3055 941 3130 aliquando
953 3052 1094 3129 ejusmodi

224 3155 371 3228 quippiam
399 3157 509 3214 lecerit.
551 3158 626 3215 (tum
654 3173 726 3213 vero
753 3156 840 3214 fidem
864 3171 899 3212 ac
922 3154 1093 3230 religionem

209 3256 305 3333 *tuam
313 3251 377 3324 jam
389 3254 473 3310 alteri
487 3252 507 3284 ⁸⁶
515 3254 662 3313 addictam
676 3253 799 3329 pecunia
812 3259 934 3328 accepta
947 3255 1091 3326 habueris,

253 3409 276 3443 ⁸²
290 3406 386 3454 misam
393 3421 445 3454 scca
453 3403 581 3468 actiacum]
613 3406 661 3455 Ms.
671 3407 810 3456 Hotomauui
815 3408 881 3466 nott,
891 3409 949 3471 quod
958 3411 1019 3456 recte
1028 3422 1093 3468 praa·

221 3467 278 3516 tulit
286 3467 379 3524 vulgato
388 3472 411 3514 et
424 3465 496 3512 edidit
505 3467 577 3514 Aldus
587 3464 646 3527 Nep.
659 3469 721 3514 1583.
752 3464 1006 3516 Esteuimhaeoiorma
1020 3466 1092 3525 legiti-

221 3541 260 3575 ma
270 3525 293 3572 in
303 3540 338 3582 ert,
349 3526 387 3586 qui
396 3524 432 3572 hic
442 3540 489 3572 esse
499 3525 573 3582 debet,
584 3540 654 3572 sensu.

254 3604 277 3637 ⁸³
291 3601 415 3674 rejiciendi
427 3618 531 3664 -·puum
544 3601 616 3650 trium
625 3600 751 3666 judecam]
782 3603 885 3652 Debebat
897 3616 944 3651 esse
958 3600 1092 3672 guimundo·

223 3678 284 3720 rum,
302 3678 320 3708 sr
333 3663 426 3708 nolebat
442 3663 517 3709 dicere
530 3663 663 3721 rejiciendi,
676 3677 743 3724 quum
755 3667 799 3712 tm
811 3664 907 3724 judices.
937 3659 991 3716 mus
1005 3659 1092 3706 formae

222 3723 290 3785 plura
298 3721 400 3781 exempla
410 3725 461 3768 sunt
471 3723 530 3783 apud
539 3726 633 3769 veteres.

251 3800 273 3833 ⁸⁵
286 3800 398 3846 mmm
411 3800 508 3859 pecunia
522 3806 605 3859 acceptu
624 3801 685 3863 ua]
704 3806 790 3860 παρίω
802 3798 898 3858 pecunia
914 3795 993 3844 atera
1010 3794 1088 3846 aMs.

258 3896 330 3939 sen.
345 3900 386 3940 rr.
650 3887 688 3940 29
