2700 4675
332 888 583 978 PRAEFATIO
603 888 665 952 An
687 884 945 950 ORATIONES.

207 1244 253 1322 Iu
269 1256 472 1323 Orationibus
492 1279 565 1323 eum
590 1260 724 1329 maxime
747 1278 824 1323 eous
849 1260 922 1324 iona
948 1259 989 1323 sit
1012 1261 1074 1323 elo·

209 1346 356 1429 quentiae
381 1343 606 1409 Ciceronianae
630 1347 731 1410 viset
752 1280 919 1432 perldctio,
947 1347 1074 1430 sintque

208 1432 340 1494 eaedem
355 1431 466 1515 plenae
482 1431 629 1495 rebusad
641 1433 895 1515 cognoscendum
906 1453 967 1497 non
981 1432 1075 1495 modo

209 1516 349 1592 utilibus,
371 1516 429 1578 sed
451 1516 544 1580 etiam
569 1520 755 1583 necessariis
768 1541 783 1581 τ’
799 1539 860 1581 non
883 1525 934 1581 est
953 1519 1075 1593 mirum,

208 1601 241 1666 in
256 1602 293 1665 iis
310 1610 344 1664 et
358 1602 552 1684 corrigendis
568 1610 601 1666 et
615 1604 806 1668 illustrandis
826 1604 853 1667 si
898 1603 1078 1666 lurimorum

150 1752 152 1756 ,
211 1687 367 1770 ingenium
391 1694 424 1749 et
449 1687 609 1771 diligentia
632 1690 819 1754 elaboravit.
881 1688 1078 1773 dquomodo

212 1774 358 1857 quisque,
381 1772 496 1856 quibus
525 1775 652 1859 adjutus
678 1776 826 1839 librorum
856 1774 1079 1849 instrumentis,

213 1879 276 1941 quo
302 1878 456 1921 successu
484 1861 594 1941 egerit,
614 1882 675 1924 nec
702 1862 742 1924 ab
766 1861 920 1923 hocloco
946 1861 1081 1923 alienum

212 1944 351 2019 videtur,
373 1963 545 2027 exponere,
568 1965 627 2009 nee
649 1968 668 2008 a
690 1947 802 2008 studiis
824 1966 943 2021 eorum,
965 1946 1080 2027 quibus

130 2102 134 2108 ,
213 2034 337 2091 nostros
362 2028 392 2090 in
424 2029 461 2089 iis
491 2029 663 2092 tractandis
689 2031 814 2093 labores
840 2030 1076 2092 destinavimus.

214 2113 297 2176 Nem
312 2120 345 2175 et
360 2112 619 2197 adjudicandum
635 2115 675 2177 de
695 2116 848 2179 nostruin
867 2116 916 2178 his
937 2114 1081 2178 orationi·

212 2199 272 2261 bus
297 2199 370 2262 crisi
396 2199 549 2286 proderit,
575 2208 608 2265 et
632 2199 672 2263 ad
696 2220 733 2264 su
758 2202 893 2265 eriorum
912 2200 943 2264 in
967 2201 1081 2264 eodem
1142 2277 1144 2279 q

212 2304 329 2368 genere
344 2287 455 2351 merita
469 2293 557 2348 reete
573 2287 722 2351 aestiman
746 2309 774 2350 a.
831 2308 834 2311 ·

257 2371 381 2433 Primus
396 2371 489 2454 igitur
500 2372 667 2436 Orationes
677 2373 802 2436 Romae
813 2393 871 2457 per
883 2371 1081 2436 Soeinlremii

214 2462 248 2518 et
263 2454 424 2519 Panaetii
438 2457 598 2532 formulas,
617 2464 772 2539 quotquot
786 2458 925 2542 reperire
941 2458 972 2519 in
987 2457 1079 2518 libro·

214 2562 284 2603 rum
293 2540 483 2624 scriptorum
489 2541 643 2626 exemplis
658 2549 815 2626 potuerat,
824 2543 854 2605 in
866 2541 968 2604 lucem
974 2547 1081 2627 protu-

215 2623 856 2691 titJo.AndroasAleriensisac.1471.
874 2626 955 2711 Ejus
972 2624 1081 2689 editio

215 2711 264 2775 nis
280 2710 425 2798 exempla
434 2718 466 2773 et
475 2710 714 2776 formamaxima
723 2720 848 2790 suntet
857 2734 895 2775 ea
909 2712 1082 2799 pulchritu-

215 2796 408 2879 dine,>quam
423 2817 527 2884 pauca
552 2797 611 2860 alia
630 2799 795 2881 attingunt,
822 2801 972 2884 peueiora
987 2817 1080 2882 supe·

214 2888 294 2946 rant.
340 2883 416 2970 lpse
450 2903 530 2965 quae
553 2889 585 2944 et
615 2885 719 2966 qualia
740 2886 886 2970 exempla
909 2885 1037 2959 fuerint,
1063 2903 1082 2944 e

217 2967 331 3051 quibus
348 2974 468 3030 textum
485 2969 688 3046 concinnarit,
711 2991 772 3032 non
795 2971 887 3046 dixit,
907 2989 966 3034 nec
986 2967 1082 3031 omni·

215 3073 256 3116 no
275 3053 353 3135 quid
378 3052 491 3115 fecerit
512 3054 543 3116 in
566 3075 604 3116 eo
627 3055 846 3118 constituendo
856 3078 873 3117 :2
891 3063 1030 3118 ceterum
1049 3060 1083 3115 et

215 3139 321 3200 multis
337 3139 404 3202 aliis
420 3140 573 3223 exemplis
590 3141 715 3221 cognita
728 3142 787 3204 viri
804 3141 1082 3222 diligentia,.etres

219 3224 288 3307 ipsa
303 3224 408 3299 docet,
425 3225 455 3286 ei
470 3244 532 3286 non
548 3245 656 3310 parum
673 3226 793 3302 deberi,
816 3225 949 3310 ejusque
972 3225 1082 3287 editio·

219 3309 267 3370 nis
283 3311 429 3393 exempla
443 3310 474 3371 in
490 3309 617 3373 delectu
631 3312 801 3374 lectionum
817 3332 877 3374 non
893 3331 1003 3397 parum
1019 3332 1082 3373 mo·

218 3394 313 3455 menti
326 3395 453 3457 habere.
500 3395 666 3459 Orationes
680 3398 759 3460 haec
775 3397 871 3459 editio
883 3398 988 3471 habet,
1001 3415 1082 3478 quae

220 3478 348 3560 quidem
373 3488 500 3555 extant,
515 3503 641 3557 omnes.
658 3482 798 3545 admistis
822 3483 914 3545 etiam
932 3483 980 3558 iis,
1004 3500 1090 3563 quas⁴

218 3564 341 3648 spurias
356 3564 450 3626 hodie
463 3566 579 3628 scimus
595 3589 677 3644 esse,
692 3567 831 3632 Sallustii
847 3568 878 3631 in
895 3567 1082 3630 Ciceronem

219 3656 252 3711 et
275 3649 370 3733 hujus
401 3651 432 3712 in
461 3651 556 3728 illum,
586 3652 724 3737 itemque
748 3654 842 3736 hujus
872 3654 1010 3726 alteram,
1041 3652 1082 3714 ad

218 3735 341 3819 equites
354 3735 471 3800 dictem
487 3745 569 3817 ante,
585 3759 678 3822 quam
693 3740 725 3805 in
740 3739 868 3803 exilium
884 3739 962 3801 iret..
990 3737 1090 3801 Ordo-

258 3859 329 3900 νου.
350 3861 393 3900 nv.
643 3843 693 3901 l*
