2700 4675
275 565 341 623 250
613 552 648 602 ru
666 550 808 600 VERREM

275 723 419 763 Tubunas
439 720 638 762 uusrnunuur
661 714 854 757 ossion's‘rne
875 709 938 750 uon
954 705 1059 747 umus
1077 705 1150 746 uun

276 822 327 860 urs
350 821 461 870 smnus,
488 801 509 834 ²³
525 821 611 867 muln
634 819 653 857 ε
673 817 755 856 nuce
777 810 925 858 osonum,
947 809 991 848 au
1012 807 1061 846 un
1084 807 1149 846 euo-

275 920 456 958 sunsn'uun:
486 918 649 958 secunuun
670 913 810 954 usensis
830 906 1035 951 suessulanum
1066 886 1090 918 ³
1104 905 1150 943 no

274 1017 425 1056 urssruuu
455 1016 679 1056 srsauurrnuuu
714 1013 803 1052 oneo.
847 992 911 1048 Hoc
940 985 1149 1046 translalilium

274 1104 336 1152 esl:
361 1097 472 1170 ”sequi
493 1098 565 1153 illud
585 1100 708 1169 oporlel,
730 1111 757 1149 ει
778 1106 922 1148 areunae
943 1103 1148 1145 resumtum

274 1213 335 1250 uon*
358 1213 591 1252 raouenourun.
634 1193 712 1265 Quid
727 1188 791 1247 ait?
811 1209 842 1245 se
856 1189 885 1245 ei
899 1189 1047 1251 daturum,
1055 1184 1103 1258 qui
1116 1201 1146 1241 se

272 1295 353 1350 dieat
366 1295 503 1351 heredem
517 1312 589 1349 esse.
631 1292 709 1362 Quid
730 1306 797 1364 ergo
811 1290 942 1352 interest,
956 1284 1145 1358 proferantur,

273 1391 390 1450 neone?
410 1393 436 1450 si
450 1393 614 1466 prolulerit:
635 1406 694 1446 uno
712 1390 796 1462 signo
818 1393 848 1443 ut
869 1385 907 1441 sit
929 1384 1036 1448 nainm,
1055 1397 1145 1454 quam

273 1509 309 1547 ex
327 1495 391 1565 lege
405 1499 526 1564 oporiet,
541 1509 599 1548 non
614 1493 663 1546 des
678 1488 906 1561 possessionem:
928 1483 955 1540 si
968 1482 1092 1540 omuino
1103 1490 1144 1542 la·

272 1590 353 1644 bulas
367 1608 423 1645 non
439 1591 571 1661 proferet,
585 1588 676 1644 dabis.
721 1585 799 1658 Quid
820 1601 897 1640 nune
910 1580 1036 1640 dicam?
1055 1583 1144 1639 nemi·

270 1703 339 1741 nem
353 1704 486 1759 umquam
501 1693 600 1758 postea
609 1688 699 1742 alium
713 1681 863 1740 edixisse?
878 1684 967 1739 valde
977 1682 1018 1739 sil
1032 1682 1143 1750 mirum,

270 1784 417 1840 neminem
436 1785 533 1851 luisse,
560 1785 609 1859 qui
633 1784 715 1840 istius
743 1801 774 1838 se
800 1783 926 1838 similem
954 1781 1016 1838 diei
1043 1783 1141 1837 vellet.

270 1883 389 1955 ipsein
415 1885 564 1940 Siciliensi
580 1884 677 1939 ediolo
700 1884 755 1937 hoe
779 1899 837 1936 non
862 1880 969 1950 habet3
1003 1884 1142 1954 exegerat

270 1982 349 2038 enim
354 1983 417 2053 jam
431 1985 610 2038 mercedem:
632 1983 703 2038 ilem
719 1988 749 2036 ut
763 1981 815 2036 illo
826 1978 933 2046 edicto,
943 1981 981 2035 de
1003 1995 1061 2052 quo
1074 1984 1142 2035 ante

270 2081 342 2148 dixi,
356 2081 387 2137 in
403 2081 504 2137 Sicilia
526 2083 563 2136 de
578 2081 768 2137 hereditatum
785 2078 1015 2150 possessionibus
1029 2077 1141 2145 dandis,

270 2178 361 2233 edixil
377 2179 463 2243 idem,
478 2181 551 2251 quod
576 2196 676 2234 omnes
698 2179 818 2246 Romae,
842 2176 1075 2250 praeteriorum.
1097 2193 1139 2233 nx

269 2292 381 2331 uurcro
412 2293 590 2332 srcrnrussr.
622 2295 650 2333 sr
671 2295 711 2332 ue
733 2293 934 2333 Hunnorum:
955 2293 1139 2332 sumemus.

216 2379 257 2436 46
274 2376 321 2441 Ar,
338 2394 387 2447 per
399 2376 469 2432 deos
492 2376 678 2443 immortales,
700 2376 767 2449 quid
792 2382 845 2444 esi,
859 2377 934 2449 quod
955 2377 992 2431 de
1008 2377 1065 2432 lroe
1079 2374 1139 2433 diei

269 2473 379 2546 possit?
401 2476 508 2531 lterum
523 2474 600 2530 enim
608 2473 671 2547 jam
683 2492 788 2547 quaero
802 2476 852 2529 abs
866 2477 905 2539 le,
919 2476 1094 2531 sicutmodo
1107 2475 1138 2532 iu

268 2573 322 2629 illo
335 2574 431 2645 eapite
448 2573 586 2630 Anniano
600 2575 636 2629 de
661 2573 811 2629 mulierum
827 2572 1045 2641 hereditatibus,
1059 2590 1138 2631 nuno

268 2670 299 2726 in
315 2671 370 2724 hoc
390 2672 427 2724 de
447 2672 636 2727 hereditatum
659 2672 901 2743 possessionibus:
922 2688 975 2728 our
988 2689 1026 2728 ea
1040 2672 1139 2745 capita

267 2766 298 2822 in
308 2767 434 2824 edietum
444 2769 624 2840 provinciale
639 2771 789 2826 transferre
802 2770 926 2826 nolueris
936 2767 950 2826 l
960 2771 1067 2827 Utrum
1074 2771 1137 2845 dig·

267 2864 362 2923 uiores
377 2867 507 2923 lromines
522 2868 695 2924 existimasli
710 2885 769 2934 eos,
783 2868 831 2941 qui
845 2868 1017 2925 habitabant
1031 2869 1062 2926 in
1074 2885 1138 2943 pro-

267 2964 376 3032 vincia,
387 2983 471 3039 quam
483 2984 543 3033 nos,
557 2964 577 2995 ²³
588 2966 636 3040 qui
648 2984 738 3040 aequo
746 2967 812 3039 jure
822 2964 988 3025 uteremur?
1002 2985 1042 3025 an
1056 2968 1138 3026 aliud

295 3124 318 3155 ²⁵
332 3138 419 3181 pmme
435 3127 481 3181 lage
496 3126 594 3185 spartei]
626 3126 663 3171 Sic
672 3128 724 3174 edd.
742 3142 769 3187 pr
787 3131 854 3173 reete.
886 3127 1136 3188 rutenorum

266 3180 313 3227 lex
323 3181 362 3225 illa
370 3181 443 3227 luitin
459 3182 518 3227 tabu.
532 3183 583 3227 Xll.
597 3184 640 3228 vid.
653 3186 743 3245 Ulpian.
753 3188 788 3232 ut,
798 3188 825 3233 28

295 3258 318 3289 2⁶
330 3258 467 3313 potissimum
482 3259 623 3305 hereditatem
637 3262 670 3321 d]
703 3264 857 3311 Hotomanuus
876 3264 969 3326 putabat
982 3265 1137 3322 porsonam

265 3316 389 3362 berediluis
398 3317 420 3361 d.
453 3317 512 3361 Nam
530 3323 621 3377 praetor
629 3334 672 3365 non
683 3322 751 3367 habet
760 3323 870 3370 delectum
880 3330 904 3369 et
917 3324 1036 3371 arbitrium
1047 3326 1138 3372 dandae

265 3375 400 3420 hereditans.
433 3376 477 3421 Sed
486 3375 625 3422 lammam
635 3378 689 3423 dure
698 3380 736 3436 sic,
749 3382 777 3427 de
792 3382 933 3441 possessione,
943 3382 1041 3442 intelligi
1050 3387 1135 3443 potest.

294 3454 317 3485 ²⁷
332 3453 392 3521 sapui
408 3454 470 3498 illrrd
486 3455 584 3516 sponso]
616 3456 713 3503 Videtur
729 3458 866 3506 scribendum
882 3461 995 3517 oporam.
1030 3462 1094 3509 Nam
1108 3461 1139 3508 de

264 3518 393 3572 praetento,
404 3513 481 3558 Verris
491 3514 572 3570 edicto,
580 3530 652 3561 sermo
660 3522 701 3562 est.

293 3590 315 3621 2⁸
330 3592 442 3651 pariusque
453 3591 510 3649 jure
519 3594 652 3654 sinemur]
684 3596 742 3641 Puto
758 3600 820 3642 reebe
837 3597 1003 3644 Hotomanuuur
1013 3603 1137 3647 marmur

264 3649 387 3706 corrigere:
404 3652 462 3712 quod
473 3655 497 3696 et
516 3651 570 3697 mibi
588 3653 682 3713 primum
691 3654 735 3699 ista
752 3654 834 3713 legenti
849 3656 871 3701 in
887 3660 984 3703 mutem
999 3657 1068 3703 venit
1081 3673 1137 3706 nam

262 3708 399 3773 manifestum
410 3716 450 3764 esi,
461 3709 484 3755 id
491 3711 602 3770 pertinere
612 3712 641 3756 ad
649 3711 741 3768 Siculos,
752 3718 776 3757 et
784 3714 880 3784 pendere
888 3715 1028 3771 nunninae.
1061 3716 1137 3764 Graes

263 3779 310 3811 uus
320 3771 394 3817 lemen
404 3774 479 3819 tuetur
489 3770 616 3830 vulgatum:
632 3770 709 3832 itaque
718 3771 779 3821 nolui
789 3787 811 3820 1u
819 3778 903 3822 textum
910 3773 999 3827 inferre,
