2700 4675
262 555 326 614 urs
545 601 551 612 .
597 546 633 596 n
646 545 792 622 vm

263 701 315 754 ret.
358 696 494 763 Tutores,
508 696 662 770 pecuniam
675 695 801 769 praetori
821 694 847 751 si
867 692 1001 767 pupillae
1024 694 1143 753 nomine

263 795 419 863 dedissent,
433 797 572 869 grandem
586 796 765 869 praesertim,
778 796 1027 869 quemadmodum
1048 795 1081 852 in
1099 810 1144 851 ra·

263 894 374 952 tionem
387 894 571 964 inducerent,
591 895 829 969 quemadmodum
852 894 918 951 sine
937 895 1071 967 periculo
1089 909 1142 951 suo

262 993 330 1048 dare
344 997 470 1064 possent,
484 1011 543 1050 non
558 994 714 1050 videbant:
736 993 865 1049 simulet
885 993 975 1050 istum
997 994 1056 1051 tore
1077 998 1139 1049 tam

262 1092 422 1163 improbum
432 1108 492 1147 non
512 1091 730 1147 arbitrabantur.
752 1109 841 1164 saepe
865 1092 1018 1165 appellati,
1036 1109 1137 1165 perne·

262 1194 411 1264 govemnt.
453 1191 513 1246 lste
540 1191 577 1246 ad
604 1188 754 1247 arbitrium
782 1189 854 1263 ejus,
881 1192 932 1248 oui
956 1192 1136 1248 condonaret

262 1289 453 1346 hereditatem
467 1294 595 1363 ereptam
618 1288 726 1355 liberis,
750 1306 837 1363 quam
861 1305 982 1364 aequum
1006 1288 1135 1346 fficium

263 1388 418 1461 scripserit,
445 1405 560 1462 quaeso,
588 1387 767 1461 cognoscite.
827 1405 892 1445 eum
926 1403 1133 1455 manuninum,

264 1506 369 1543 narina
384 1505 554 1544 vocamini.
594 1486 690 1559 ⁰Quis
705 1488 995 1560 umquamcrederet,
1005 1486 1134 1542 Verrem

261 1586 411 1641 mulierum
425 1585 621 1641 adversarium
635 1583 780 1643 futurum?
800 1603 838 1642 an
854 1586 922 1643 ideo
934 1585 1042 1659 aliquid
1066 1601 1135 1642 oon·

262 1688 304 1739 tra
318 1682 450 1738 mulieres
472 1683 554 1749 lecit,
568 1701 606 1738 ne
631 1688 723 1739 totum
748 1685 876 1741 edictum
900 1686 936 1740 ad
962 1684 1132 1741 Chelidonis

260 1780 407 1838 arbitrium
430 1781 569 1853 scriptum
593 1780 764 1841 videretur?
796 1782 960 1856 Cupiditati
984 1784 1130 1840 bominum

170 1953 174 1966 Ι
260 1882 302 1939 ait
315 1901 347 1939 se
360 1883 477 1939 obviam
491 1882 543 1938 ire.
582 1880 683 1954 'Quid
698 1883 802 1955 potius,
817 1900 876 1939 non
891 1883 978 1939 modo
997 1883 1044 1939 his
1064 1889 1130 1939 tem·

261 1983 385 2059 poribus,
405 1984 456 2039 sed
478 1982 569 2038 etiam
588 1982 663 2054 apud
686 1982 808 2054 majores
830 1978 966 2039 nostros?
986 1981 1049 2056 quis
1073 1987 1131 2039 tam

262 2089 386 2139 remotus
400 2083 453 2138 iuit
467 2101 484 2138 a
498 2078 682 2153 cupiditate?
697 2082 765 2149 Dic,
778 2098 895 2155 quaeso,
909 2087 1019 2138 cetera.
1039 2083 1131 2137 delec-

262 2184 304 2235 tat
315 2181 394 2236 enim
402 2198 448 2235 me
458 2180 582 2235 bominis
593 2180 732 2251 gravitas,
742 2180 866 2237 scientia
873 2179 961 2251 juris,
970 2180 1129 2238 arratoritss.

261 2296 317 2345 nur
331 2297 370 2334 nn
385 2297 414 2334 n.
429 2294 597 2345 rosunum,
609 2296 639 2343 e.
655 2297 770 2335 sunvro
791 2296 995 2348 consuamus,
1015 2293 1130 2337 rosan

261 2397 416 2447 nannum,
441 2396 586 2435 suonam.
628 2378 724 2446 Fecit,
748 2376 870 2435 secent?
900 2380 976 2450 Quis
1001 2392 1130 2452 umquam

261 2482 354 2539 edixit
368 2481 423 2538 isto
437 2476 544 2536 modo?
564 2478 627 2552 quis
641 2497 774 2550 umquam
788 2479 850 2549 ejus
869 2479 912 2533 rei
934 2478 1066 2535 fraudem
1086 2479 1132 2537 aut

261 2583 419 2651 periculum
433 2579 578 2652 proposuit
591 2579 697 2643 edicto,
711 2595 784 2650 quaa
799 2595 891 2650 neque
912 2584 981 2650 post
1000 2578 1131 2642 edictum,

209 2673 250 2729 42
262 2696 355 2749 neque
369 2684 437 2734 ante
452 2677 579 2734 edictum
600 2676 745 2750 provideri
770 2673 886 2748 potuit?
906 2676 991 2744 lure,
1015 2676 1131 2750 legibm,

261 2777 432 2833 auctoritate
451 2778 590 2844 omnium,
612 2777 844 2842 consulebantur,
868 2779 1080 2833 testamentum
1099 2773 1129 2831 Ρ.

262 2877 378 2935 Annius
392 2877 508 2943 lecerat,
523 2894 581 2932 non
596 2876 764 2947 improbum,
779 2891 836 2931 non
856 2873 1062 2941 inofficiosum,
1075 2886 1129 2929 mn

261 2978 458 3033 inhumanum.
479 2975 579 3049 quodsi
604 2974 645 3030 ita
675 2973 807 3042 lecisset3
842 2979 942 3029 tamen
971 2978 1040 3046 post
1059 2972 1129 3029 illins

261 3081 383 3131 mortem
397 3077 470 3131 nihil
485 3078 521 3130 de
537 3080 712 3133 testamento
721 3074 798 3131 illius
812 3074 884 3130 novi
902 3074 982 3147 juris
995 3069 1129 3131 constitui

290 3225 369 3276 “Quis
384 3240 490 3284 unquam
505 3226 607 3281 mederet,
624 3232 666 3273 etc.
711 3229 785 3275 lntell.
801 3225 930 3273 credidisset
937 3245 949 3284 ,·
963 3228 1007 3275 nisi
1022 3228 1130 3286 delegere

261 3283 308 3346 quis
318 3283 393 3330 malit:
410 3291 434 3329 et
443 3299 541 3344 unpmm
551 3287 608 3329 reler
618 3287 646 3331 ad
673 3293 773 3334 uturum
791 3301 843 3333 nam
852 3301 896 3331 noo
905 3292 942 3331 est
952 3294 1030 3333 sermo
1038 3288 1068 3333 de
1076 3297 1130 3347 pm

261 3344 323 3398 senti,
334 3343 372 3388 sed
383 3343 412 3388 de
419 3344 549 3404 praeterito.
582 3343 664 3390 Similis
675 3347 735 3392 loom
744 3350 778 3393 est
787 3359 828 3406 pro
837 3343 912 3390 Floro
925 3349 963 3393 40.

290 3423 302 3456 ⁷
316 3423 379 3474 Quia
392 3423 463 3478 potius
472 3438 518 3469 nnn
528 3423 589 3468 niodo
599 3424 607 3483 ]
639 3425 761 3483 Eleganter
771 3423 879 3471 Graevius
889 3424 997 3482 corrigit:
1014 3426 1082 3481 Quis,
1090 3435 1130 3470 m

261 3483 330 3538 nudo,
341 3486 384 3527 etc.
396 3487 421 3527 ut
428 3481 522 3528 alterum
536 3482 585 3541 quia
595 3482 624 3528 sit
634 3483 738 3543 repetitio
752 3482 837 3544 prioris.
871 3482 902 3527 lit
915 3483 986 3542 plane
1002 3484 1035 3530 sic
1050 3480 1130 3530 eratin

261 3543 308 3589 Ms.
321 3541 400 3588 Frane.
417 3539 453 3586 Sic
464 3542 562 3586 habetet
572 3540 615 3587 Gn.
637 3542 713 3588 Etiam
727 3543 881 3588 Hotomannus
890 3541 942 3600 quis
952 3543 1089 3602 conigebut,
1097 3536 1130 3586 ssd

260 3607 349 3648 servato
356 3601 435 3656 patim
467 3600 589 3658 Vulgatum
608 3600 675 3647 debet
695 3599 802 3668 intelligi:
819 3600 871 3693 qaum
920 3599 968 3646 tius
988 3602 1038 3649 lieri
1054 3598 1130 3652 debuit,

259 3675 303 3706 non
313 3660 387 3715 modo,
397 3665 440 3705 etc.
460 3673 525 3720 quam
539 3666 564 3705 ut
574 3661 690 3708 resistatur
706 3658 835 3719 cupiditati.
856 3672 905 3719 qun
920 3657 929 3702 i
947 3674 973 3705 se
987 3666 1037 3708 mm
1055 3660 1132 3706 ibera

259 3720 390 3827 eppfflrgltrate,
401 3718 568 3838 quamaxumum,
576 3720 677 3782 adeoque
685 3716 861 3782 aequejdoneua,
871 3715 910 3781 qui
981 3718 1075 3773 ficiet?
1088 3716 1134 3769 HF·

260 3793 305 3823 re
360 3794 411 3827 mox
518 3812 524 3825 .
