2700 4675
454 562 526 615 sos.
542 566 572 615 u.
588 561 686 615 nanu
699 559 875 616 sueonum.
1032 562 1094 625 ³05

227 720 291 764 non
304 708 491 779 desistebant,
512 718 545 770 ut
568 730 599 770 se
621 714 658 770 asl
682 713 761 785 leges
774 726 840 766 suas
853 706 994 779 rejiceret.
1035 705 1097 765 iste

228 807 356 878 amplam
368 809 553 866 occasionem
565 809 729 867 calumniae
743 811 854 872 nactus,
874 804 924 860 ubi
937 803 1019 860 videt
1031 818 1095 859 esse

230 900 349 977 aliquid,
376 905 481 981 ⁰8quod
505 907 592 963 amici
615 909 765 964 absentem
796 903 961 976 Epicratem
984 902 1097 958 nollent

230 1000 404 1059 defendere:
426 1009 574 1061 asseverat
594 1021 625 1060 se
639 1004 700 1075 ejus
714 1003 756 1059 rei
773 1003 804 1059 in
825 1001 924 1075 primis
950 1000 1096 1057 actionem

230 1116 295 1155 esse
309 1102 448 1159 daturum.
474 1103 548 1160 Cum
560 1120 660 1160 omnes
674 1101 877 1174 perspicerent,
888 1101 924 1156 ad
940 1098 1026 1157 istum
1036 1114 1097 1156 non

230 1199 318 1254 modo
336 1197 429 1257 ⁰⁰ill0s
443 1218 553 1269 numos,
566 1201 615 1275 qui
628 1219 679 1274 per
688 1200 901 1258 simulationem
915 1200 951 1255 ab
964 1198 1022 1254 isto
1035 1196 1095 1254 exi·

229 1300 320 1362 erant,
334 1299 502 1368 revertisse3
523 1300 575 1356 sed
589 1301 677 1356 multo
688 1299 777 1355 etiam
791 1299 885 1369 plures
905 1314 971 1352 eum
994 1299 1095 1367 postea

224 1409 329 1452 numos
343 1397 508 1454 abstulisse:
529 1397 618 1454 amici
630 1396 799 1468 Epicratem
811 1394 966 1450 defendere
979 1391 1095 1448 destite-

218 1498 304 1547 runt.
325 1492 379 1548 iste
397 1494 542 1566 Epicratis
557 1496 633 1550 bona
651 1493 775 1549 Bidinos
788 1492 886 1549 omnia
899 1491 1044 1563 possidere
1064 1494 1095 1546 et

223 1587 283 1650 ¹sibi
297 1588 402 1646 habere
419 1589 515 1661 jussit.
558 1591 606 1648 Ad
620 1590 671 1648 illa
687 1592 750 1647 H·S
766 1608 795 1646 ro
810 1590 902 1647 millia
922 1589 1096 1646 hereditario

225 1686 350 1744 occessit
384 1687 481 1761 ipsius¹
505 1690 623 1764 antiqua
660 1690 725 1747 H·S
757 1689 924 1764 quindecies
961 1689 1094 1762 pecunia.

221 1782 331 1841 ‚Utrum
344 1803 389 1842 res
403 1788 439 1842 ab
453 1786 538 1844 initio
558 1787 601 1844 ita
618 1790 708 1845 dueta
726 1786 793 1844 est?
813 1806 850 1845 an
873 1790 909 1844 ad
933 1795 1096 1845 extremum

223 1880 268 1938 ita
291 1884 428 1954 perducta
446 1881 513 1939 est?
541 1900 579 1938 an
601 1884 644 1940 ita
665 1902 757 1955 parva
775 1890 820 1939 est
841 1883 986 1954 pecunia?
1006 1902 1044 1940 an
1068 1885 1095 1940 is

225 1977 313 2036 homo
334 1980 452 2046 Verres,
472 1983 504 2035 ut
525 1980 611 2045 haec,
628 1997 702 2053 quae
724 1979 796 2046 dixi,
823 1980 910 2053 gratis
933 1980 1010 2037 lacta
1031 1998 1095 2037 esse

225 2072 405 2133 videantur?

224 2208 227 2212 -
268 2172 326 2228 Hic
340 2189 417 2229 nunc
439 2174 477 2230 de
503 2173 619 2231 miseria
645 2174 817 2242 Siculorum,
835 2174 960 2247 judiees,
986 2176 1094 2236 audite.

227 2270 269 2329 Et
283 2271 436 2329 Heraclius
450 2273 499 2330 ille
515 2275 723 2348 Syracusanus,
734 2282 764 2331 el
778 2275 826 2330 hic
841 2276 962 2332 Bidinus
977 2276 1095 2349 Epicra-

225 2374 279 2438 tes,
293 2373 407 2444 expulsi
426 2373 509 2428 bonis
529 2374 670 2439 omnibus,
693 2375 816 2429 Romam
836 2379 986 2429 venerunt.
1007 2375 1095 2430 sordi·

223 2469 296 2536 dati,
307 2471 434 2526 maxima
447 2471 535 2525 barba
545 2476 575 2525 et
588 2469 705 2540 capillo,
720 2470 829 2524 Romae
845 2469 992 2525 triennium
1006 2487 1095 2542 prope

223 2567 348 2625 luerunt.
389 2567 464 2622 Cum
488 2567 523 2622 L.
544 2566 681 2622 Metellus
703 2564 734 2621 in
749 2566 929 2638 provinciam
950 2567 1095 2638 proiectus

224 2669 280 2730 est,
305 2669 365 2719 tum
391 2662 440 2720 isti
465 2666 538 2719 bene
565 2662 760 2719 commendati
788 2681 854 2721 cum
886 2665 1009 2722 Metello
1035 2684 1093 2725 una

221 2761 452 2837 proficiscuntur.
495 2761 632 2817 Metellus
658 2760 780 2818 simulac
810 2762 891 2819 venit
923 2764 1093 2836 Syracusas,

224 2865 374 2932 utrumque
399 2857 526 2924 rescidit,
546 2863 576 2913 et
598 2859 634 2914 de
656 2859 803 2931 Epicrate,
827 2867 857 2917 et
880 2861 916 2916 de
942 2862 1089 2920 Heraclio.

228 2959 264 3015 In
278 2957 422 3030 utriusque
438 2959 519 3013 bonis
536 2954 607 3012 nihil
622 2960 692 3023 erat,
709 2958 785 3030 quod
794 2957 904 3014 restitui
916 2967 1019 3030 posset,
1034 2960 1090 3021 nisi

224 3059 298 3131 quod
314 3056 424 3128 moveri
440 3058 505 3112 loco
519 3074 576 3113 non
589 3059 709 3127 poterat.
751 3057 875 3112 Fecerat
890 3058 962 3114 llaec
971 3060 1086 3134 egregie
1099 3071 1141 3131 26

223 3155 315 3227 primo
329 3157 455 3224 adventu
471 3155 616 3221 Metellus,
630 3158 662 3210 ut
675 3171 775 3211 omnes
788 3155 868 3213 istius
880 3156 1008 3230 injurias,
1018 3179 1088 3234 quas

223 3253 310 3307 modo
332 3256 436 3322 posset
450 3253 634 3320 rescinderet,
649 3258 679 3308 et
692 3252 785 3310 irritas
798 3254 914 3311 laceret.
957 3259 1087 3315 Heracli·

253 3403 276 3435 ⁰⁸
292 3404 349 3463 qrsod
363 3404 470 3449 absentem
480 3403 612 3460 Epicratem,
625 3405 679 3464 etc]
711 3405 802 3452 Possum
819 3407 936 3467 explicare,
946 3408 972 3453 in
988 3423 1029 3466 quo
1046 3408 1085 3455 at»

223 3467 307 3508 sentem
318 3462 347 3508 E.
359 3463 444 3507 nollent
453 3462 585 3519 defendere5
600 3476 641 3507 nec
648 3462 672 3507 id
680 3467 714 3508 est
721 3478 764 3510 non
774 3464 874 3520 latinum,
881 3465 949 3510 immo
958 3481 984 3510 ex
999 3465 1084 3513 uisitna

222 3524 264 3565 est.
298 3522 380 3579 ltaque,
391 3534 440 3566 eum
450 3520 481 3565 sic
491 3519 519 3565 sit
528 3520 550 3566 in
559 3520 659 3566 omnibus
668 3520 730 3566 libris
740 3521 813 3577 editis,
824 3530 847 3567 et
857 3524 879 3568 in
893 3538 937 3568 uno
952 3538 973 3567 m
1003 3537 1017 3565 o
1033 3523 1081 3569 Ma.

223 3577 343 3625 Nannieno
350 3579 435 3624 absente
450 3578 479 3624 E.
497 3592 540 3624 non
557 3578 646 3624 sustinui
666 3579 708 3624 hoc
722 3594 770 3625 urm
789 3580 889 3627 Graevio
906 3580 1009 3638 recipere,
1023 3581 1083 3640 quod

222 3635 383 3682 correctionem
392 3637 458 3696 sapit,
468 3642 491 3681 ut
503 3636 548 3682 alia
562 3636 623 3683 istius
634 3637 680 3683 Ma.

250 3713 273 3745 ⁶⁹
286 3712 336 3758 illos
352 3727 450 3760 anuas·
467 3716 590 3774 --plures
602 3719 673 3773 postea
692 3717 788 3779 numos]
822 3713 934 3765 Posterius
952 3727 1031 3762 nunus
1044 3715 1082 3772 rix

220 3773 288 3820 oredo
297 3787 344 3817 osse
352 3787 365 3817 a
372 3772 487 3823 Cicerone.

258 3871 329 3915 ron.
350 3870 391 3914 ιν.
669 3857 706 3912 28
726 3851 747 3891 ³*
