2700 4675
295 488 362 550 m
634 477 830 530 ravuaaam

297 629 433 694 sedebat,
444 625 587 700 ejusmodi
599 626 711 684 litteras
725 626 762 683 ad
784 641 835 682 eos
862 622 951 691 misit,
970 625 1003 679 ut
1022 619 1093 680 huie
1117 621 1171 680 tre·

298 725 553 801 pantaenum
565 726 723 797 prodirent,
737 723 900 797 mntiasque
924 733 1061 795 agerent3
1081 722 1171 778 laetu·

298 840 346 882 ros
358 840 401 890 ae,
413 823 440 879 ei
452 822 521 896 quid
534 823 713 895 imperasset,
726 821 853 878 studiose
867 820 1084 893 pollicerentur.
1112 820 1170 877 lta·

299 938 357 994 que
379 919 454 978 soeii
476 920 617 986 fenerant,
640 925 742 976 vetere
769 913 904 976 instituto
928 918 1170 990 publicanorum:

298 1016 321 1048 ω
329 1035 390 1074 nou
403 1034 460 1089 quo
474 1017 561 1074 istum
571 1019 633 1074 ullo
642 1017 752 1073 honore
763 1016 882 1090 dignum
895 1015 1108 1080 arbitrarentur,
1118 1014 1172 1071 sed

300 1115 377 1188 quod
397 1131 450 1170 sua
472 1114 612 1171 interesse
634 1116 784 1187 putabant,
800 1132 832 1171 se
857 1130 997 1170 memores
1018 1120 1171 1186 gratosque

301 1211 473 1278 existimari,
485 1211 592 1284 gratim
612 1211 663 1270 isti
686 1216 832 1285 egerunt:
861 1210 1059 1284 Carpinatium
1083 1227 1173 1283 saepo

247 1310 342 1392 *11⁸1
361 1327 394 1366 se
416 1310 455 1366 de
475 1308 538 1382 ejus
556 1309 660 1367 officiis
673 1310 785 1366 litteras
799 1309 910 1365 misine
922 1308 1066 1364 dixerunt.
1109 1308 1172 1364 Iste

302 1423 371 1464 eum
392 1406 598 1478 respondisset,
620 1425 652 1463 ee
672 1424 711 1464 aa
734 1407 858 1464 libenter
879 1405 990 1472 lenisse,
1011 1422 1173 1479 operasque

304 1503 470 1575 Carpinatii
483 1522 657 1578 magnopere
675 1506 838 1562 laudasset:
858 1505 909 1561 dat
928 1503 1024 1559 amieo
1042 1520 1094 1560 suo
1113 1503 1174 1560 oui·

303 1600 372 1656 dam
385 1601 543 1672 negotium,
555 1603 606 1674 qui
619 1607 681 1659 tum
694 1602 832 1680 magister
850 1607 914 1658 erat
936 1601 997 1675 ejus
1016 1600 1172 1669 societatis,

304 1700 338 1752 ut
349 1695 505 1769 diligenter
518 1702 638 1754 caveret
655 1703 741 1771 atque
760 1697 948 1770 prospiceret,
961 1698 1076 1773 nequid
1096 1703 1174 1755 esset

306 1792 338 1852 in
352 1794 457 1853 littaris
469 1794 622 1864 sooiomm,
634 1796 710 1870 quod
721 1800 822 1852 eontra
832 1813 915 1854 suum
930 1802 1016 1869 eaput
1026 1801 1112 1871 atque
1125 1814 1175 1854 ex·

307 1892 516 1970 intimationem
530 1896 628 1950 valere
648 1898 755 1967 posset.
796 1894 896 1968 ltaque
917 1894 978 1962 ille,
991 1894 1175 1953 multitudine

308 1990 452 2048 aoomrum
473 1997 593 2059 remota,
610 1992 786 2048 decumanos
809 1999 972 2050 convocat:
993 2011 1055 2050 rem
1076 1993 1177 2050 desert.

311 2089 449 2146 Statuuut
461 2089 508 2146 illi
519 2095 606 2162 atque
624 2091 795 2157 decernunt,
807 2095 840 2146 ut
857 2107 911 2147 eae
932 2091 1055 2159 litterae,
1076 2094 1178 2166 quibus

309 2183 489 2242 existimatio
512 2186 549 2242 C.
564 2187 665 2243 Verris
690 2189 860 2254 laederetur,
872 2195 1098 2256 removerentur,
1111 2208 1179 2263 ope

309 2301 397 2359 eaque
414 2284 539 2353 daretur,
552 2301 590 2341 ne
603 2301 640 2342 ea
652 2302 698 2342 res
721 2285 757 2343 C.
772 2286 860 2345 Verri
881 2286 971 2344 fraudi
991 2304 1054 2343 esse
1068 2292 1177 2360 posset.

313 2383 348 2441 Si
361 2385 493 2451 ostendo,
506 2384 563 2442 boe
581 2383 747 2441 decrevisse
761 2385 945 2455 decumanos,
957 2384 982 2441 ai
1001 2387 1119 2459 planum
1139 2387 1179 2441 la-

312 2481 369 2549 sin,
384 2483 439 2539 hoo
449 2484 568 2539 decreto
580 2487 704 2539 remotas
718 2500 781 2538 esse
795 2483 922 2538 litteras:
943 2484 992 2556 qui
1003 2483 1179 2556 exspectatis

312 2577 457 2650 amplius?
477 2596 629 2651 possumne
643 2597 703 2637 rem
717 2581 809 2654 magis
821 2580 984 2651 judicatam
998 2583 1108 2649 afferre,
1122 2600 1179 2638 ma·

313 2675 358 2751 gis
380 2694 460 2733 reum
480 2678 702 2735 condemnatum
725 2677 756 2733 in
771 2677 916 2749 judicium
939 2677 1106 2736 adducere?
1138 2683 1179 2736 At

314 2791 434 2848 quorum
441 2773 557 2846 judidio
568 2773 810 2833 condemnatum?
829 2793 934 2848 nempe
947 2795 1055 2843 eorum,
1066 2797 1136 2851 qnos
1150 2779 1180 2846 ii,

316 2872 366 2945 qui
379 2872 524 2929 severiora
538 2872 651 2946 judicia
667 2874 841 2940 desiderant,
855 2874 1027 2932 arbitrantur
1047 2895 1092 2934 res
1106 2877 1181 2949 judi·

316 2985 385 3031 oare
408 2975 550 3041 oportere,
570 2972 787 3043 publicanorum
806 2971 937 3044 judici03
956 2990 1027 3046 quos
1042 2974 1181 3031 videlicet

317 3078 396 3116 nune
410 3065 652 3134 populusjudioee
667 3068 769 3136 poscit,
784 3071 820 3125 de
835 3069 943 3144 quibus,
956 3076 988 3126 ut
1001 3088 1053 3126 eos
1066 3072 1182 3143 judiees

318 3156 484 3221 babeamus,
497 3160 592 3228 legem
610 3163 646 3216 ab
670 3161 787 3219 bomine
810 3185 868 3224 non
883 3168 972 3225 nostri
984 3170 1111 3241 generis,
1124 3189 1180 3227 non

319 3271 358 3312 ex
372 3251 496 3327 equestri
516 3255 581 3310 loeo
594 3257 730 3329 protecta,
744 3263 795 3318 sed
824 3263 844 3295 ⁹¹
856 3265 1044 3334 nobilissimo,
1062 3271 1183 3341 promul.

349 3407 370 3440 ⁰⁰
384 3404 552 3465 unqenidam
566 3434 576 3443 -
590 3435 600 3445 ·
613 3411 796 3476 allamma]
823 3415 859 3463 ste
868 3419 920 3465 edd.
931 3423 987 3467 vett.
996 3435 1041 3467 non
1050 3422 1119 3481 meod:
1134 3436 1184 3469 uam

299 3552 303 3559 ἱ
319 3466 409 3571 wad
425 3480 501 3512 verum
516 3472 580 3526 esset,
589 3471 758 3520 arbitrabamur
766 3472 903 3524 scribendum
913 3482 978 3537 esset,
988 3484 1013 3526 ut
1022 3486 1073 3540 poet
1081 3485 1115 3527 est
1122 3486 1185 3539 pum·

350 3602 369 3633 ⁹¹
383 3601 558 3661 nobiliumn
571 3606 689 3669 adeum]
706 3609 732 3656 L.
740 3610 835 3657 Aurelio
842 3611 918 3670 Cotta,
925 3615 955 3662 de
962 3616 1112 3677 orriuslegev.
1120 3618 1182 3665 clav.
