<?xml version="1.0" encoding="UTF-8"?>
<!DOCTYPE html PUBLIC "-//W3C//DTD XHTML 1.0 Transitional//EN"
    "http://www.w3.org/TR/xhtml1/DTD/xhtml1-transitional.dtd">
<html xmlns="http://www.w3.org/1999/xhtml" xml:lang="en" lang="en">
 <head>
  <title>
</title>
<meta http-equiv="Content-Type" content="text/html;charset=utf-8" />
  <meta name='ocr-system' content='tesseract 3.04.00' />
  <meta name='ocr-capabilities' content='ocr_page ocr_carea ocr_par ocr_line ocrx_word'/>
</head>
<body>
  <div class='ocr_page' id='page_1' title='image "./mtvlliiciceroni04cicegoog_0380.png"; bbox 0 0 2700 4675; ppageno 0'>
   <div class='ocr_carea' id='block_1_1' title="bbox 473 573 1091 648">
    <p class='ocr_par' dir='ltr' id='par_1_1' title="bbox 473 573 1091 648">
     <span class='ocr_line' id='line_1_1' title="bbox 473 573 1091 648; baseline 0.031 -21"><span class='ocrx_word' id='word_1_1' title='bbox 473 578 545 628; x_wconf 76' lang='lat' dir='ltr'><strong>ncr.</strong></span> <span class='ocrx_word' id='word_1_2' title='bbox 562 578 592 629; x_wconf 86' lang='lat' dir='ltr'><strong>rr.</strong></span> <span class='ocrx_word' id='word_1_3' title='bbox 607 578 705 630; x_wconf 76' lang='lat' dir='ltr'><strong>menn</strong></span> <span class='ocrx_word' id='word_1_4' title='bbox 719 573 894 628; x_wconf 79' lang='lat' dir='ltr'><strong>succubus.</strong></span> <span class='ocrx_word' id='word_1_5' title='bbox 1023 584 1091 648; x_wconf 72' lang='grc'><strong>347·</strong></span> 
     </span>
    </p>
   </div>
   <div class='ocr_carea' id='block_1_2' title="bbox 202 725 1140 3473">
    <p class='ocr_par' dir='ltr' id='par_1_2' title="bbox 202 725 1140 3473">
     <span class='ocr_line' id='line_1_2' title="bbox 225 725 1093 802; baseline 0 -17"><span class='ocrx_word' id='word_1_6' title='bbox 225 728 354 786; x_wconf 80' lang='lat' dir='ltr'><strong>srittsm</strong></span> <span class='ocrx_word' id='word_1_7' title='bbox 377 742 486 794; x_wconf 82' lang='lat' dir='ltr'><strong>susem,</strong></span> <span class='ocrx_word' id='word_1_8' title='bbox 499 726 548 802; x_wconf 93' lang='lat' dir='ltr'><strong>qui</strong></span> <span class='ocrx_word' id='word_1_9' title='bbox 571 733 602 785; x_wconf 85' lang='lat' dir='ltr'><strong>to</strong></span> <span class='ocrx_word' id='word_1_10' title='bbox 628 745 667 784; x_wconf 85' lang='lat' dir='ltr'><strong>ex</strong></span> <span class='ocrx_word' id='word_1_11' title='bbox 688 731 731 783; x_wconf 93' lang='lat' dir='ltr'><strong>tot</strong></span> <span class='ocrx_word' id='word_1_12' title='bbox 755 726 899 800; x_wconf 79' lang='lat' dir='ltr'><strong>tantisque</strong></span> <span class='ocrx_word' id='word_1_13' title='bbox 922 725 1093 785; x_wconf 71' lang='lat' dir='ltr'><strong>criminibus</strong></span> 
     </span>
     <span class='ocr_line' id='line_1_3' title="bbox 225 823 1092 903; baseline -0.001 -20"><span class='ocrx_word' id='word_1_14' title='bbox 225 829 363 900; x_wconf 78' lang='lat' dir='ltr'><strong>elapsum,</strong></span> <span class='ocrx_word' id='word_1_15' title='bbox 377 832 441 899; x_wconf 91' lang='lat' dir='ltr'><strong>post</strong></span> <span class='ocrx_word' id='word_1_16' title='bbox 459 826 686 903; x_wconf 79' lang='lat' dir='ltr'><strong>quinquennium</strong></span> <span class='ocrx_word' id='word_1_17' title='bbox 699 829 855 883; x_wconf 75' lang='lat' dir='ltr'><strong>sumerum</strong></span> <span class='ocrx_word' id='word_1_18' title='bbox 869 823 986 883; x_wconf 90' lang='lat' dir='ltr'><strong>nomine</strong></span> <span class='ocrx_word' id='word_1_19' title='bbox 1000 842 1092 883; x_wconf 76' lang='lat' dir='ltr'><strong>orces·</strong></span> 
     </span>
     <span class='ocr_line' id='line_1_4' title="bbox 224 922 1093 998; baseline 0 -17"><span class='ocrx_word' id='word_1_20' title='bbox 224 922 292 983; x_wconf 77' lang='lat' dir='ltr'><strong>set?</strong></span> <span class='ocrx_word' id='word_1_21' title='bbox 314 928 360 984; x_wconf 83' lang='lat' dir='ltr'><strong>Its</strong></span> <span class='ocrx_word' id='word_1_22' title='bbox 370 925 396 983; x_wconf 88' lang='lat' dir='ltr'><strong>si</strong></span> <span class='ocrx_word' id='word_1_23' title='bbox 410 942 502 998; x_wconf 86' lang='lat' dir='ltr'><strong>neque</strong></span> <span class='ocrx_word' id='word_1_24' title='bbox 516 926 612 983; x_wconf 74' lang='lat' dir='ltr'><strong>adhuc</strong></span> <span class='ocrx_word' id='word_1_25' title='bbox 625 931 777 985; x_wconf 76' lang='lat' dir='ltr'><strong>consumta</strong></span> <span class='ocrx_word' id='word_1_26' title='bbox 789 926 845 983; x_wconf 83' lang='lat' dir='ltr'><strong>ists</strong></span> <span class='ocrx_word' id='word_1_27' title='bbox 858 924 982 998; x_wconf 79' lang='lat' dir='ltr'><strong>pecunie</strong></span> <span class='ocrx_word' id='word_1_28' title='bbox 995 930 1048 992; x_wconf 89' lang='lat' dir='ltr'><strong>est,</strong></span> <span class='ocrx_word' id='word_1_29' title='bbox 1061 930 1093 982; x_wconf 89' lang='lat' dir='ltr'><strong>et</strong></span> 
     </span>
     <span class='ocr_line' id='line_1_5' title="bbox 224 1025 1092 1099; baseline 0.002 -18"><span class='ocrx_word' id='word_1_30' title='bbox 224 1030 270 1081; x_wconf 90' lang='lat' dir='ltr'><strong>est</strong></span> <span class='ocrx_word' id='word_1_31' title='bbox 280 1025 462 1099; x_wconf 84' lang='lat' dir='ltr'><strong>perspicuum</strong></span> <span class='ocrx_word' id='word_1_32' title='bbox 475 1041 534 1084; x_wconf 91' lang='lat' dir='ltr'><strong>uon</strong></span> <span class='ocrx_word' id='word_1_33' title='bbox 549 1031 729 1085; x_wconf 77' lang='lat' dir='ltr'><strong>consumtum</strong></span> <span class='ocrx_word' id='word_1_34' title='bbox 742 1025 796 1083; x_wconf 89' lang='lat' dir='ltr'><strong>iri:</strong></span> <span class='ocrx_word' id='word_1_35' title='bbox 820 1025 893 1082; x_wconf 89' lang='lat' dir='ltr'><strong>ticet</strong></span> <span class='ocrx_word' id='word_1_36' title='bbox 908 1026 972 1099; x_wconf 84' lang='lat' dir='ltr'><strong>jam</strong></span> <span class='ocrx_word' id='word_1_37' title='bbox 985 1026 1092 1086; x_wconf 89' lang='lat' dir='ltr'><strong>intelli·</strong></span> 
     </span>
     <span class='ocr_line' id='line_1_6' title="bbox 222 1124 1088 1201; baseline 0.001 -18"><span class='ocrx_word' id='word_1_38' title='bbox 222 1140 333 1200; x_wconf 74' lang='lat' dir='ltr'><strong>gemus,</strong></span> <span class='ocrx_word' id='word_1_39' title='bbox 357 1124 508 1183; x_wconf 84' lang='lat' dir='ltr'><strong>inventam</strong></span> <span class='ocrx_word' id='word_1_40' title='bbox 532 1143 596 1183; x_wconf 87' lang='lat' dir='ltr'><strong>esse</strong></span> <span class='ocrx_word' id='word_1_41' title='bbox 620 1125 771 1194; x_wconf 80' lang='lat' dir='ltr'><strong>rationem,</strong></span> <span class='ocrx_word' id='word_1_42' title='bbox 784 1143 871 1201; x_wconf 83' lang='lat' dir='ltr'><strong>quere</strong></span> <span class='ocrx_word' id='word_1_43' title='bbox 892 1130 923 1183; x_wconf 90' lang='lat' dir='ltr'><strong>et</strong></span> <span class='ocrx_word' id='word_1_44' title='bbox 946 1126 1002 1184; x_wconf 89' lang='lat' dir='ltr'><strong>iste</strong></span> <span class='ocrx_word' id='word_1_45' title='bbox 1024 1126 1088 1185; x_wconf 89' lang='lat' dir='ltr'><strong>H-S</strong></span> 
     </span>
     <span class='ocr_line' id='line_1_7' title="bbox 223 1223 1088 1299; baseline 0.002 -19"><span class='ocrx_word' id='word_1_46' title='bbox 223 1241 287 1281; x_wconf 85' lang='lat' dir='ltr'><strong>cxx</strong></span> <span class='ocrx_word' id='word_1_47' title='bbox 298 1223 390 1280; x_wconf 83' lang='lat' dir='ltr'><strong>mittis</strong></span> <span class='ocrx_word' id='word_1_48' title='bbox 402 1241 461 1281; x_wconf 92' lang='lat' dir='ltr'><strong>uno</strong></span> <span class='ocrx_word' id='word_1_49' title='bbox 473 1242 580 1299; x_wconf 81' lang='lat' dir='ltr'><strong>genere</strong></span> <span class='ocrx_word' id='word_1_50' title='bbox 593 1225 759 1283; x_wconf 77' lang='lat' dir='ltr'><strong>conciliarit</strong></span> <span class='ocrx_word' id='word_1_51' title='bbox 772 1232 803 1283; x_wconf 89' lang='lat' dir='ltr'><strong>et</strong></span> <span class='ocrx_word' id='word_1_52' title='bbox 815 1225 936 1299; x_wconf 79' lang='lat' dir='ltr'><strong>ceperit,</strong></span> <span class='ocrx_word' id='word_1_53' title='bbox 946 1230 978 1283; x_wconf 92' lang='lat' dir='ltr'><strong>et</strong></span> <span class='ocrx_word' id='word_1_54' title='bbox 986 1225 1088 1293; x_wconf 87' lang='lat' dir='ltr'><strong>ceteri,</strong></span> 
     </span>
     <span class='ocr_line' id='line_1_8' title="bbox 222 1322 1090 1399; baseline -0.002 -18"><span class='ocrx_word' id='word_1_55' title='bbox 222 1322 275 1381; x_wconf 86' lang='lat' dir='ltr'><strong>sie</strong></span> <span class='ocrx_word' id='word_1_56' title='bbox 285 1323 369 1381; x_wconf 86' lang='lat' dir='ltr'><strong>vobis</strong></span> <span class='ocrx_word' id='word_1_57' title='bbox 383 1324 438 1380; x_wconf 90' lang='lat' dir='ltr'><strong>boc</strong></span> <span class='ocrx_word' id='word_1_58' title='bbox 449 1324 504 1382; x_wconf 89' lang='lat' dir='ltr'><strong>erit</strong></span> <span class='ocrx_word' id='word_1_59' title='bbox 516 1327 742 1397; x_wconf 74' lang='lat' dir='ltr'><strong>comprobatum,</strong></span> <span class='ocrx_word' id='word_1_60' title='bbox 755 1342 841 1399; x_wconf 78' lang='lat' dir='ltr'><strong>quam</strong></span> <span class='ocrx_word' id='word_1_61' title='bbox 855 1326 957 1381; x_wconf 88' lang='lat' dir='ltr'><strong>volent</strong></span> <span class='ocrx_word' id='word_1_62' title='bbox 969 1339 1090 1396; x_wconf 77' lang='lat' dir='ltr'><strong>magnus</strong></span> 
     </span>
     <span class='ocr_line' id='line_1_9' title="bbox 221 1419 1084 1496; baseline 0 -18"><span class='ocrx_word' id='word_1_63' title='bbox 221 1419 278 1479; x_wconf 87' lang='lat' dir='ltr'><strong>hoc</strong></span> <span class='ocrx_word' id='word_1_64' title='bbox 290 1424 407 1480; x_wconf 90' lang='lat' dir='ltr'><strong>nomine</strong></span> <span class='ocrx_word' id='word_1_65' title='bbox 419 1423 555 1496; x_wconf 79' lang='lat' dir='ltr'><strong>pecunias</strong></span> <span class='ocrx_word' id='word_1_66' title='bbox 566 1439 671 1495; x_wconf 78' lang='lat' dir='ltr'><strong>cepere</strong></span> <span class='ocrx_word' id='word_1_67' title='bbox 684 1421 805 1494; x_wconf 85' lang='lat' dir='ltr'><strong>possint</strong></span> <span class='ocrx_word' id='word_1_68' title='bbox 819 1426 851 1477; x_wconf 90' lang='lat' dir='ltr'><strong>ut</strong></span> <span class='ocrx_word' id='word_1_69' title='bbox 858 1421 922 1493; x_wconf 82' lang='lat' dir='ltr'><strong>jam</strong></span> <span class='ocrx_word' id='word_1_70' title='bbox 933 1421 1084 1478; x_wconf 79' lang='lat' dir='ltr'><strong>videamur</strong></span> 
     </span>
     <span class='ocr_line' id='line_1_10' title="bbox 220 1519 1083 1593; baseline 0 -15"><span class='ocrx_word' id='word_1_71' title='bbox 220 1536 281 1578; x_wconf 82' lang='lat' dir='ltr'><strong>uon</strong></span> <span class='ocrx_word' id='word_1_72' title='bbox 293 1536 311 1575; x_wconf 84' lang='lat' dir='ltr'><strong>s</strong></span> <span class='ocrx_word' id='word_1_73' title='bbox 325 1521 455 1592; x_wconf 88' lang='lat' dir='ltr'><strong>pecuniis</strong></span> <span class='ocrx_word' id='word_1_74' title='bbox 465 1519 616 1593; x_wconf 81' lang='lat' dir='ltr'><strong>capiundis</strong></span> <span class='ocrx_word' id='word_1_75' title='bbox 626 1519 758 1576; x_wconf 88' lang='lat' dir='ltr'><strong>homines</strong></span> <span class='ocrx_word' id='word_1_76' title='bbox 767 1521 933 1587; x_wconf 78' lang='lat' dir='ltr'><strong>absterrere,</strong></span> <span class='ocrx_word' id='word_1_77' title='bbox 945 1520 1005 1585; x_wconf 85' lang='lat' dir='ltr'><strong>sed,</strong></span> <span class='ocrx_word' id='word_1_78' title='bbox 1017 1534 1083 1578; x_wconf 90' lang='lat' dir='ltr'><strong>cnm</strong></span> 
     </span>
     <span class='ocr_line' id='line_1_11' title="bbox 221 1618 1088 1693; baseline 0.003 -20"><span class='ocrx_word' id='word_1_79' title='bbox 221 1634 330 1691; x_wconf 79' lang='lat' dir='ltr'><strong>genere</strong></span> <span class='ocrx_word' id='word_1_80' title='bbox 343 1619 483 1692; x_wconf 79' lang='lat' dir='ltr'><strong>quaedem</strong></span> <span class='ocrx_word' id='word_1_81' title='bbox 497 1618 684 1692; x_wconf 82' lang='lat' dir='ltr'><strong>pecuniarum</strong></span> <span class='ocrx_word' id='word_1_82' title='bbox 701 1618 906 1691; x_wconf 82' lang='lat' dir='ltr'><strong>capiundarum</strong></span> <span class='ocrx_word' id='word_1_83' title='bbox 919 1620 1088 1693; x_wconf 85' lang='lat' dir='ltr'><strong>comprobe-</strong></span> 
     </span>
     <span class='ocr_line' id='line_1_12' title="bbox 223 1715 1089 1793; baseline 0.002 -21"><span class='ocrx_word' id='word_1_84' title='bbox 223 1715 321 1782; x_wconf 89' lang='lat' dir='ltr'><strong>rimus,</strong></span> <span class='ocrx_word' id='word_1_85' title='bbox 347 1717 470 1775; x_wconf 77' lang='lat' dir='ltr'><strong>honesto</strong></span> <span class='ocrx_word' id='word_1_86' title='bbox 483 1718 603 1776; x_wconf 87' lang='lat' dir='ltr'><strong>nomine</strong></span> <span class='ocrx_word' id='word_1_87' title='bbox 628 1719 801 1793; x_wconf 73' lang='lat' dir='ltr'><strong>turpissimis</strong></span> <span class='ocrx_word' id='word_1_88' title='bbox 825 1721 910 1775; x_wconf 86' lang='lat' dir='ltr'><strong>rebus</strong></span> <span class='ocrx_word' id='word_1_89' title='bbox 929 1718 1089 1791; x_wconf 88' lang='lat' dir='ltr'><strong>imponere.</strong></span> 
     </span>
     <span class='ocr_line' id='line_1_13' title="bbox 224 1815 1090 1891; baseline 0.001 -17"><span class='ocrx_word' id='word_1_90' title='bbox 224 1815 352 1882; x_wconf 77' lang='lat' dir='ltr'><strong>Etenim,</strong></span> <span class='ocrx_word' id='word_1_91' title='bbox 365 1816 392 1873; x_wconf 90' lang='lat' dir='ltr'><strong>si</strong></span> <span class='ocrx_word' id='word_1_92' title='bbox 405 1817 441 1874; x_wconf 84' lang='lat' dir='ltr'><strong>O.</strong></span> <span class='ocrx_word' id='word_1_93' title='bbox 456 1817 564 1875; x_wconf 87' lang='lat' dir='ltr'><strong>Verres</strong></span> <span class='ocrx_word' id='word_1_94' title='bbox 580 1819 643 1876; x_wconf 86' lang='lat' dir='ltr'><strong>H·S</strong></span> <span class='ocrx_word' id='word_1_95' title='bbox 658 1838 721 1876; x_wconf 82' lang='lat' dir='ltr'><strong>cxx</strong></span> <span class='ocrx_word' id='word_1_96' title='bbox 735 1820 826 1876; x_wconf 87' lang='lat' dir='ltr'><strong>mittin</strong></span> <span class='ocrx_word' id='word_1_97' title='bbox 847 1822 991 1891; x_wconf 83' lang='lat' dir='ltr'><strong>populum,</strong></span> <span class='ocrx_word' id='word_1_98' title='bbox 1006 1818 1090 1876; x_wconf 88' lang='lat' dir='ltr'><strong>verbi</strong></span> 
     </span>
     <span class='ocr_line' id='line_1_14' title="bbox 222 1914 1090 1989; baseline 0.002 -19"><span class='ocrx_word' id='word_1_99' title='bbox 222 1915 324 1989; x_wconf 72' lang='lat' dir='ltr'><strong>gratie,</strong></span> <span class='ocrx_word' id='word_1_100' title='bbox 339 1914 559 1987; x_wconf 76' lang='lat' dir='ltr'><strong>Centuripinum</strong></span> <span class='ocrx_word' id='word_1_101' title='bbox 574 1916 760 1987; x_wconf 84' lang='lat' dir='ltr'><strong>poposcisset,</strong></span> <span class='ocrx_word' id='word_1_102' title='bbox 780 1932 901 1989; x_wconf 77' lang='lat' dir='ltr'><strong>eamque</strong></span> <span class='ocrx_word' id='word_1_103' title='bbox 921 1918 959 1971; x_wconf 82' lang='lat' dir='ltr'><strong>eb</strong></span> <span class='ocrx_word' id='word_1_104' title='bbox 981 1917 1027 1972; x_wconf 86' lang='lat' dir='ltr'><strong>hie</strong></span> <span class='ocrx_word' id='word_1_105' title='bbox 1041 1933 1090 1989; x_wconf 85' lang='lat' dir='ltr'><strong>pe-¹</strong></span> 
     </span>
     <span class='ocr_line' id='line_1_15' title="bbox 223 2013 1089 2086; baseline -0.001 -15"><span class='ocrx_word' id='word_1_106' title='bbox 223 2015 340 2071; x_wconf 82' lang='lat' dir='ltr'><strong>cuniam</strong></span> <span class='ocrx_word' id='word_1_107' title='bbox 354 2014 533 2071; x_wconf 81' lang='lat' dir='ltr'><strong>abstulisset:</strong></span> <span class='ocrx_word' id='word_1_108' title='bbox 554 2029 622 2079; x_wconf 90' lang='lat' dir='ltr'><strong>non,</strong></span> <span class='ocrx_word' id='word_1_109' title='bbox 648 2013 761 2086; x_wconf 87' lang='lat' dir='ltr'><strong>opinor,</strong></span> <span class='ocrx_word' id='word_1_110' title='bbox 780 2017 857 2069; x_wconf 82' lang='lat' dir='ltr'><strong>esset</strong></span> <span class='ocrx_word' id='word_1_111' title='bbox 876 2013 1003 2078; x_wconf 81' lang='lat' dir='ltr'><strong>dubium,</strong></span> <span class='ocrx_word' id='word_1_112' title='bbox 1020 2014 1089 2086; x_wconf 91' lang='lat' dir='ltr'><strong>quin</strong></span> 
     </span>
     <span class='ocr_line' id='line_1_16' title="bbox 223 2111 1089 2187; baseline -0.005 -14"><span class='ocrx_word' id='word_1_113' title='bbox 223 2131 299 2182; x_wconf 83' lang='lat' dir='ltr'><strong>eum,</strong></span> <span class='ocrx_word' id='word_1_114' title='bbox 312 2115 338 2171; x_wconf 86' lang='lat' dir='ltr'><strong>si</strong></span> <span class='ocrx_word' id='word_1_115' title='bbox 348 2119 409 2170; x_wconf 88' lang='lat' dir='ltr'><strong>tum</strong></span> <span class='ocrx_word' id='word_1_116' title='bbox 422 2114 453 2170; x_wconf 89' lang='lat' dir='ltr'><strong>id</strong></span> <span class='ocrx_word' id='word_1_117' title='bbox 466 2115 582 2187; x_wconf 83' lang='lat' dir='ltr'><strong>plenum</strong></span> <span class='ocrx_word' id='word_1_118' title='bbox 600 2114 690 2179; x_wconf 85' lang='lat' dir='ltr'><strong>fieret,</strong></span> <span class='ocrx_word' id='word_1_119' title='bbox 704 2111 892 2169; x_wconf 82' lang='lat' dir='ltr'><strong>condemnari</strong></span> <span class='ocrx_word' id='word_1_120' title='bbox 906 2129 1026 2169; x_wconf 85' lang='lat' dir='ltr'><strong>necesse</strong></span> <span class='ocrx_word' id='word_1_121' title='bbox 1046 2130 1089 2169; x_wconf 88' lang='lat' dir='ltr'><strong>es·</strong></span> 
     </span>
     <span class='ocr_line' id='line_1_17' title="bbox 223 2210 1089 2287; baseline -0.001 -17"><span class='ocrx_word' id='word_1_122' title='bbox 223 2220 276 2272; x_wconf 90' lang='lat' dir='ltr'><strong>set.</strong></span> <span class='ocrx_word' id='word_1_123' title='bbox 320 2215 406 2286; x_wconf 78' lang='lat' dir='ltr'><strong>Quid,</strong></span> <span class='ocrx_word' id='word_1_124' title='bbox 420 2213 445 2269; x_wconf 88' lang='lat' dir='ltr'><strong>si</strong></span> <span class='ocrx_word' id='word_1_125' title='bbox 459 2214 583 2271; x_wconf 90' lang='lat' dir='ltr'><strong>eundem</strong></span> <span class='ocrx_word' id='word_1_126' title='bbox 604 2214 740 2287; x_wconf 87' lang='lat' dir='ltr'><strong>poputum</strong></span> <span class='ocrx_word' id='word_1_127' title='bbox 769 2211 832 2269; x_wconf 86' lang='lat' dir='ltr'><strong>H·S</strong></span> <span class='ocrx_word' id='word_1_128' title='bbox 857 2228 911 2268; x_wconf 90' lang='lat' dir='ltr'><strong>ccc</strong></span> <span class='ocrx_word' id='word_1_129' title='bbox 935 2210 1089 2285; x_wconf 76' lang='lat' dir='ltr'><strong>mittispo</strong></span> 
     </span>
     <span class='ocr_line' id='line_1_18' title="bbox 223 2309 1089 2388; baseline -0.003 -18"><span class='ocrx_word' id='word_1_130' title='bbox 223 2312 325 2386; x_wconf 91' lang='lat' dir='ltr'><strong>poscit,</strong></span> <span class='ocrx_word' id='word_1_131' title='bbox 339 2330 429 2387; x_wconf 80' lang='lat' dir='ltr'><strong>eoque</strong></span> <span class='ocrx_word' id='word_1_132' title='bbox 450 2312 549 2388; x_wconf 76' lang='lat' dir='ltr'><strong>coiigit</strong></span> <span class='ocrx_word' id='word_1_133' title='bbox 562 2316 648 2387; x_wconf 84' lang='lat' dir='ltr'><strong>etque</strong></span> <span class='ocrx_word' id='word_1_134' title='bbox 661 2309 802 2371; x_wconf 81' lang='lat' dir='ltr'><strong>obstulit?</strong></span> <span class='ocrx_word' id='word_1_135' title='bbox 821 2328 891 2370; x_wconf 90' lang='lat' dir='ltr'><strong>num</strong></span> <span class='ocrx_word' id='word_1_136' title='bbox 910 2310 1022 2370; x_wconf 89' lang='lat' dir='ltr'><strong>idcirco</strong></span> <span class='ocrx_word' id='word_1_137' title='bbox 1040 2312 1089 2368; x_wconf 82' lang='lat' dir='ltr'><strong>ab·</strong></span> 
     </span>
     <span class='ocr_line' id='line_1_19' title="bbox 223 2411 1089 2486; baseline -0.003 -16"><span class='ocrx_word' id='word_1_138' title='bbox 223 2415 361 2479; x_wconf 85' lang='lat' dir='ltr'><strong>solvetur,</strong></span> <span class='ocrx_word' id='word_1_139' title='bbox 381 2413 457 2486; x_wconf 87' lang='lat' dir='ltr'><strong>quod</strong></span> <span class='ocrx_word' id='word_1_140' title='bbox 470 2411 645 2484; x_wconf 72' lang='lat' dir='ltr'><strong>edsenptum</strong></span> <span class='ocrx_word' id='word_1_141' title='bbox 659 2417 713 2478; x_wconf 84' lang='lat' dir='ltr'><strong>est,</strong></span> <span class='ocrx_word' id='word_1_142' title='bbox 732 2426 797 2468; x_wconf 78' lang='lat' dir='ltr'><strong>eam</strong></span> <span class='ocrx_word' id='word_1_143' title='bbox 818 2412 971 2484; x_wconf 83' lang='lat' dir='ltr'><strong>pecuniam</strong></span> <span class='ocrx_word' id='word_1_144' title='bbox 990 2412 1089 2467; x_wconf 79' lang='lat' dir='ltr'><strong>dotem</strong></span> 
     </span>
     <span class='ocr_line' id='line_1_20' title="bbox 221 2485 1087 2580; baseline -0.006 -12"><span class='ocrx_word' id='word_1_145' title='bbox 221 2516 378 2568; x_wconf 77' lang='lat' dir='ltr'><strong>stetusrrrm</strong></span> <span class='ocrx_word' id='word_1_146' title='bbox 399 2507 540 2564; x_wconf 83' lang='lat' dir='ltr'><strong>nomine?</strong></span> <span class='ocrx_word' id='word_1_147' title='bbox 560 2485 627 2573; x_wconf 75' lang='lat' dir='ltr'><strong>riou,</strong></span> <span class='ocrx_word' id='word_1_148' title='bbox 641 2508 765 2579; x_wconf 90' lang='lat' dir='ltr'><strong>opinor:</strong></span> <span class='ocrx_word' id='word_1_149' title='bbox 787 2507 844 2564; x_wconf 90' lang='lat' dir='ltr'><strong>nisi</strong></span> <span class='ocrx_word' id='word_1_150' title='bbox 870 2506 942 2563; x_wconf 77' lang='lat' dir='ltr'><strong>torte</strong></span> <span class='ocrx_word' id='word_1_151' title='bbox 968 2507 1001 2564; x_wconf 87' lang='lat' dir='ltr'><strong>id</strong></span> <span class='ocrx_word' id='word_1_152' title='bbox 1027 2507 1087 2580; x_wconf 82' lang='lat' dir='ltr'><strong>sgi-</strong></span> 
     </span>
     <span class='ocr_line' id='line_1_21' title="bbox 222 2603 1088 2677; baseline -0.005 -14"><span class='ocrx_word' id='word_1_153' title='bbox 222 2624 295 2670; x_wconf 85' lang='lat' dir='ltr'><strong>mus,</strong></span> <span class='ocrx_word' id='word_1_154' title='bbox 314 2604 336 2636; x_wconf 78' lang='lat'><strong>⁸⁸</strong></span> <span class='ocrx_word' id='word_1_155' title='bbox 346 2620 404 2660; x_wconf 90' lang='lat' dir='ltr'><strong>non</strong></span> <span class='ocrx_word' id='word_1_156' title='bbox 418 2609 450 2660; x_wconf 95' lang='lat' dir='ltr'><strong>ut</strong></span> <span class='ocrx_word' id='word_1_157' title='bbox 458 2604 670 2676; x_wconf 73' lang='lat' dir='ltr'><strong>magistratibus</strong></span> <span class='ocrx_word' id='word_1_158' title='bbox 681 2604 785 2661; x_wconf 88' lang='lat' dir='ltr'><strong>nostris</strong></span> <span class='ocrx_word' id='word_1_159' title='bbox 794 2620 902 2662; x_wconf 83' lang='lat' dir='ltr'><strong>moram</strong></span> <span class='ocrx_word' id='word_1_160' title='bbox 912 2603 1088 2677; x_wconf 77' lang='lat' dir='ltr'><strong>accipiundi,</strong></span> 
     </span>
     <span class='ocr_line' id='line_1_22' title="bbox 223 2701 1088 2778; baseline 0.002 -17"><span class='ocrx_word' id='word_1_161' title='bbox 223 2704 277 2764; x_wconf 86' lang='lat' dir='ltr'><strong>sed</strong></span> <span class='ocrx_word' id='word_1_162' title='bbox 292 2706 323 2758; x_wconf 93' lang='lat' dir='ltr'><strong>ut</strong></span> <span class='ocrx_word' id='word_1_163' title='bbox 336 2701 424 2758; x_wconf 88' lang='lat' dir='ltr'><strong>sociis</strong></span> <span class='ocrx_word' id='word_1_164' title='bbox 438 2719 554 2758; x_wconf 84' lang='lat' dir='ltr'><strong>causum</strong></span> <span class='ocrx_word' id='word_1_165' title='bbox 567 2702 656 2758; x_wconf 79' lang='lat' dir='ltr'><strong>dandi</strong></span> <span class='ocrx_word' id='word_1_166' title='bbox 670 2704 782 2759; x_wconf 76' lang='lat' dir='ltr'><strong>adferre</strong></span> <span class='ocrx_word' id='word_1_167' title='bbox 793 2704 950 2762; x_wconf 81' lang='lat' dir='ltr'><strong>videamur·</strong></span> <span class='ocrx_word' id='word_1_168' title='bbox 992 2705 1088 2778; x_wconf 78' lang='lat' dir='ltr'><strong>Quod·</strong></span> 
     </span>
     <span class='ocr_line' id='line_1_23' title="bbox 222 2800 1088 2879; baseline -0.003 -16"><span class='ocrx_word' id='word_1_169' title='bbox 222 2805 248 2863; x_wconf 92' lang='lat' dir='ltr'><strong>si</strong></span> <span class='ocrx_word' id='word_1_170' title='bbox 262 2818 346 2879; x_wconf 91' lang='lat' dir='ltr'><strong>quem</strong></span> <span class='ocrx_word' id='word_1_171' title='bbox 360 2804 471 2856; x_wconf 80' lang='lat' dir='ltr'><strong>statuae</strong></span> <span class='ocrx_word' id='word_1_172' title='bbox 485 2817 658 2874; x_wconf 76' lang='lat' dir='ltr'><strong>magnopere</strong></span> <span class='ocrx_word' id='word_1_173' title='bbox 667 2803 824 2869; x_wconf 82' lang='lat' dir='ltr'><strong>delectant,</strong></span> <span class='ocrx_word' id='word_1_174' title='bbox 834 2806 865 2858; x_wconf 91' lang='lat' dir='ltr'><strong>et</strong></span> <span class='ocrx_word' id='word_1_175' title='bbox 874 2800 900 2858; x_wconf 90' lang='lat' dir='ltr'><strong>si</strong></span> <span class='ocrx_word' id='word_1_176' title='bbox 913 2804 976 2876; x_wconf 87' lang='lat' dir='ltr'><strong>quis</strong></span> <span class='ocrx_word' id='word_1_177' title='bbox 990 2819 1088 2860; x_wconf 80' lang='lat' dir='ltr'><strong>earum</strong></span> 
     </span>
     <span class='ocr_line' id='line_1_24' title="bbox 223 2899 1088 2975; baseline -0.005 -14"><span class='ocrx_word' id='word_1_178' title='bbox 223 2904 331 2962; x_wconf 83' lang='lat' dir='ltr'><strong>honore</strong></span> <span class='ocrx_word' id='word_1_179' title='bbox 352 2905 382 2958; x_wconf 90' lang='lat' dir='ltr'><strong>et</strong></span> <span class='ocrx_word' id='word_1_180' title='bbox 404 2899 495 2975; x_wconf 84' lang='lat' dir='ltr'><strong>glorie</strong></span> <span class='ocrx_word' id='word_1_181' title='bbox 513 2899 643 2969; x_wconf 87' lang='lat' dir='ltr'><strong>ducitur;</strong></span> <span class='ocrx_word' id='word_1_182' title='bbox 664 2900 689 2956; x_wconf 91' lang='lat' dir='ltr'><strong>is</strong></span> <span class='ocrx_word' id='word_1_183' title='bbox 711 2901 785 2956; x_wconf 87' lang='lat' dir='ltr'><strong>hnec</strong></span> <span class='ocrx_word' id='word_1_184' title='bbox 809 2905 906 2956; x_wconf 83' lang='lat' dir='ltr'><strong>tumen</strong></span> <span class='ocrx_word' id='word_1_185' title='bbox 930 2899 1088 2957; x_wconf 80' lang='lat' dir='ltr'><strong>constituet</strong></span> 
     </span>
     <span class='ocr_line' id='line_1_25' title="bbox 224 2998 1088 3074; baseline -0.009 -12"><span class='ocrx_word' id='word_1_186' title='bbox 224 3020 344 3062; x_wconf 82' lang='lat' dir='ltr'><strong>necesse</strong></span> <span class='ocrx_word' id='word_1_187' title='bbox 359 3006 421 3058; x_wconf 82' lang='lat' dir='ltr'><strong>eet:</strong></span> <span class='ocrx_word' id='word_1_188' title='bbox 443 2999 574 3074; x_wconf 88' lang='lat' dir='ltr'><strong>primum,</strong></span> <span class='ocrx_word' id='word_1_189' title='bbox 598 2999 693 3056; x_wconf 82' lang='lat' dir='ltr'><strong>everti</strong></span> <span class='ocrx_word' id='word_1_190' title='bbox 715 2999 868 3072; x_wconf 82' lang='lat' dir='ltr'><strong>pecuniam</strong></span> <span class='ocrx_word' id='word_1_191' title='bbox 892 2998 1008 3054; x_wconf 89' lang='lat' dir='ltr'><strong>domum</strong></span> <span class='ocrx_word' id='word_1_192' title='bbox 1029 3015 1088 3056; x_wconf 90' lang='lat' dir='ltr'><strong>non</strong></span> 
     </span>
     <span class='ocr_line' id='line_1_26' title="bbox 223 3100 1089 3178; baseline -0.001 -17"><span class='ocrx_word' id='word_1_193' title='bbox 223 3104 354 3178; x_wconf 79' lang='lat' dir='ltr'><strong>placere:</strong></span> <span class='ocrx_word' id='word_1_194' title='bbox 374 3103 489 3169; x_wconf 89' lang='lat' dir='ltr'><strong>deinde,</strong></span> <span class='ocrx_word' id='word_1_195' title='bbox 502 3100 626 3174; x_wconf 84' lang='lat' dir='ltr'><strong>ipserum</strong></span> <span class='ocrx_word' id='word_1_196' title='bbox 638 3103 795 3156; x_wconf 83' lang='lat' dir='ltr'><strong>statusmm</strong></span> <span class='ocrx_word' id='word_1_197' title='bbox 815 3101 930 3156; x_wconf 90' lang='lat' dir='ltr'><strong>modum</strong></span> <span class='ocrx_word' id='word_1_198' title='bbox 944 3103 1089 3174; x_wconf 85' lang='lat' dir='ltr'><strong>quendam</strong></span> 
     </span>
     <span class='ocr_line' id='line_1_27' title="bbox 226 3197 1089 3279; baseline 0 -18"><span class='ocrx_word' id='word_1_199' title='bbox 226 3220 289 3261; x_wconf 84' lang='lat' dir='ltr'><strong>esse</strong></span> <span class='ocrx_word' id='word_1_200' title='bbox 299 3210 446 3276; x_wconf 84' lang='lat' dir='ltr'><strong>oportere:</strong></span> <span class='ocrx_word' id='word_1_201' title='bbox 467 3200 573 3257; x_wconf 88' lang='lat' dir='ltr'><strong>deinde</strong></span> <span class='ocrx_word' id='word_1_202' title='bbox 586 3197 668 3267; x_wconf 87' lang='lat' dir='ltr'><strong>titud,</strong></span> <span class='ocrx_word' id='word_1_203' title='bbox 681 3202 761 3257; x_wconf 86' lang='lat' dir='ltr'><strong>certe</strong></span> <span class='ocrx_word' id='word_1_204' title='bbox 772 3199 809 3255; x_wconf 85' lang='lat' dir='ltr'><strong>ub</strong></span> <span class='ocrx_word' id='word_1_205' title='bbox 822 3197 924 3256; x_wconf 90' lang='lat' dir='ltr'><strong>invitis</strong></span> <span class='ocrx_word' id='word_1_206' title='bbox 935 3201 1015 3279; x_wconf 84' lang='lat' dir='ltr'><strong>exigi</strong></span> <span class='ocrx_word' id='word_1_207' title='bbox 1029 3221 1089 3261; x_wconf 89' lang='lat' dir='ltr'><strong>non</strong></span> 
     </span>
     <span class='ocr_line' id='line_1_28' title="bbox 225 3282 1140 3378; baseline 0.001 -19"><span class='ocrx_word' id='word_1_208' title='bbox 225 3307 366 3376; x_wconf 87' lang='lat' dir='ltr'><strong>oportere.</strong></span> <span class='ocrx_word' id='word_1_209' title='bbox 409 3301 455 3357; x_wconf 89' lang='lat' dir='ltr'><strong>Ao</strong></span> <span class='ocrx_word' id='word_1_210' title='bbox 470 3300 506 3355; x_wconf 89' lang='lat' dir='ltr'><strong>de</strong></span> <span class='ocrx_word' id='word_1_211' title='bbox 527 3299 685 3355; x_wconf 85' lang='lat' dir='ltr'><strong>avertenda</strong></span> <span class='ocrx_word' id='word_1_212' title='bbox 705 3297 839 3372; x_wconf 82' lang='lat' dir='ltr'><strong>pecunie,</strong></span> <span class='ocrx_word' id='word_1_213' title='bbox 858 3282 964 3373; x_wconf 83' lang='lat' dir='ltr'><strong>quaero</strong></span> <span class='ocrx_word' id='word_1_214' title='bbox 983 3305 1034 3360; x_wconf 81' lang='lat' dir='ltr'><strong>ebs</strong></span> <span class='ocrx_word' id='word_1_215' title='bbox 1049 3309 1088 3371; x_wconf 93' lang='lat' dir='ltr'><strong>te,</strong></span> <span class='ocrx_word' id='word_1_216' title='bbox 1099 3320 1140 3378; x_wconf 79' lang='lat'><strong>59</strong></span> 
     </span>
     <span class='ocr_line' id='line_1_29' title="bbox 202 3392 1088 3473; baseline -0.005 -12"><span class='ocrx_word' id='word_1_217' title='bbox 202 3415 203 3418; x_wconf 75' lang='grc'>’</span> <span class='ocrx_word' id='word_1_218' title='bbox 224 3407 318 3461; x_wconf 82' lang='lat' dir='ltr'><strong>utrum</strong></span> <span class='ocrx_word' id='word_1_219' title='bbox 331 3392 411 3473; x_wconf 81' lang='lat' dir='ltr'><strong>ipsae</strong></span> <span class='ocrx_word' id='word_1_220' title='bbox 425 3397 560 3455; x_wconf 77' lang='lat' dir='ltr'><strong>civitates</strong></span> <span class='ocrx_word' id='word_1_221' title='bbox 570 3395 672 3453; x_wconf 79' lang='lat' dir='ltr'><strong>solitae</strong></span> <span class='ocrx_word' id='word_1_222' title='bbox 683 3396 742 3454; x_wconf 92' lang='lat' dir='ltr'><strong>sint</strong></span> <span class='ocrx_word' id='word_1_223' title='bbox 753 3401 860 3454; x_wconf 83' lang='lat' dir='ltr'><strong>statues</strong></span> <span class='ocrx_word' id='word_1_224' title='bbox 872 3398 925 3456; x_wconf 90' lang='lat' dir='ltr'><strong>tibi</strong></span> <span class='ocrx_word' id='word_1_225' title='bbox 939 3399 1088 3457; x_wconf 77' lang='lat' dir='ltr'><strong>faciundas</strong></span> 
     </span>
    </p>
   </div>
   <div class='ocr_carea' id='block_1_3' title="bbox 223 3575 1090 3878">
    <p class='ocr_par' dir='ltr' id='par_1_3' title="bbox 223 3575 1090 3878">
     <span class='ocr_line' id='line_1_30' title="bbox 253 3575 1087 3652; baseline -0.005 -24"><span class='ocrx_word' id='word_1_226' title='bbox 253 3583 276 3615; x_wconf 78' lang='lat'><strong>⁶⁰</strong></span> <span class='ocrx_word' id='word_1_227' title='bbox 291 3596 336 3628; x_wconf 77' lang='lat' dir='ltr'><strong>oso</strong></span> <span class='ocrx_word' id='word_1_228' title='bbox 344 3586 371 3628; x_wconf 82' lang='lat' dir='ltr'><strong>ut</strong></span> <span class='ocrx_word' id='word_1_229' title='bbox 388 3597 445 3652; x_wconf 69' lang='lat' dir='ltr'><strong>nug.</strong></span> <span class='ocrx_word' id='word_1_230' title='bbox 456 3596 479 3628; x_wconf 72' lang='lat' dir='ltr'><strong>ss</strong></span> <span class='ocrx_word' id='word_1_231' title='bbox 491 3594 574 3627; x_wconf 78' lang='lat' dir='ltr'><strong>osorum</strong></span> <span class='ocrx_word' id='word_1_232' title='bbox 582 3575 706 3635; x_wconf 66' lang='lat' dir='ltr'><strong>accipietur·</strong></span> <span class='ocrx_word' id='word_1_233' title='bbox 714 3579 751 3625; x_wconf 73' lang='lat' dir='ltr'><strong>seri</strong></span> <span class='ocrx_word' id='word_1_234' title='bbox 767 3579 829 3626; x_wconf 78' lang='lat' dir='ltr'><strong>sociis</strong></span> <span class='ocrx_word' id='word_1_235' title='bbox 847 3594 936 3627; x_wconf 84' lang='lat' dir='ltr'><strong>musam</strong></span> <span class='ocrx_word' id='word_1_236' title='bbox 944 3579 966 3625; x_wconf 82' lang='lat' dir='ltr'><strong>d.</strong></span> <span class='ocrx_word' id='word_1_237' title='bbox 978 3580 1087 3640; x_wconf 51' lang='lat' dir='ltr'><strong>crisme]</strong></span> 
     </span>
     <span class='ocr_line' id='line_1_31' title="bbox 223 3636 1088 3701; baseline -0.006 -12"><span class='ocrx_word' id='word_1_238' title='bbox 223 3641 282 3689; x_wconf 75' lang='lat' dir='ltr'><strong>Mis.</strong></span> <span class='ocrx_word' id='word_1_239' title='bbox 291 3644 316 3686; x_wconf 85' lang='lat' dir='ltr'><strong>et</strong></span> <span class='ocrx_word' id='word_1_240' title='bbox 330 3641 381 3685; x_wconf 86' lang='lat' dir='ltr'><strong>edd.</strong></span> <span class='ocrx_word' id='word_1_241' title='bbox 392 3641 481 3701; x_wconf 69' lang='lat' dir='ltr'><strong>quidam</strong></span> <span class='ocrx_word' id='word_1_242' title='bbox 497 3652 586 3694; x_wconf 63' lang='lat' dir='ltr'><strong>morem</strong></span> <span class='ocrx_word' id='word_1_243' title='bbox 596 3637 655 3698; x_wconf 85' lang='lat' dir='ltr'><strong>quod</strong></span> <span class='ocrx_word' id='word_1_244' title='bbox 665 3640 725 3684; x_wconf 84' lang='lat' dir='ltr'><strong>male</strong></span> <span class='ocrx_word' id='word_1_245' title='bbox 734 3638 842 3698; x_wconf 79' lang='lat' dir='ltr'><strong>probabat</strong></span> <span class='ocrx_word' id='word_1_246' title='bbox 858 3641 883 3686; x_wconf 88' lang='lat' dir='ltr'><strong>P.</strong></span> <span class='ocrx_word' id='word_1_247' title='bbox 900 3636 1024 3694; x_wconf 77' lang='lat' dir='ltr'><strong>Manutius,</strong></span> <span class='ocrx_word' id='word_1_248' title='bbox 1035 3637 1088 3684; x_wconf 88' lang='lat' dir='ltr'><strong>item</strong></span> 
     </span>
     <span class='ocr_line' id='line_1_32' title="bbox 225 3695 1090 3758; baseline -0.006 -12"><span class='ocrx_word' id='word_1_249' title='bbox 225 3699 249 3746; x_wconf 90' lang='lat' dir='ltr'><strong>in</strong></span> <span class='ocrx_word' id='word_1_250' title='bbox 266 3713 311 3746; x_wconf 88' lang='lat' dir='ltr'><strong>uuo</strong></span> <span class='ocrx_word' id='word_1_251' title='bbox 330 3698 376 3744; x_wconf 84' lang='lat' dir='ltr'><strong>Mn.</strong></span> <span class='ocrx_word' id='word_1_252' title='bbox 394 3705 470 3746; x_wconf 84' lang='lat' dir='ltr'><strong>vetere</strong></span> <span class='ocrx_word' id='word_1_253' title='bbox 488 3699 584 3757; x_wconf 64' lang='lat' dir='ltr'><strong>adferre.</strong></span> <span class='ocrx_word' id='word_1_254' title='bbox 616 3695 655 3742; x_wconf 77' lang='lat' dir='ltr'><strong>ste</strong></span> <span class='ocrx_word' id='word_1_255' title='bbox 672 3697 763 3743; x_wconf 75' lang='lat' dir='ltr'><strong>volebat</strong></span> <span class='ocrx_word' id='word_1_256' title='bbox 782 3697 944 3752; x_wconf 84' lang='lat' dir='ltr'><strong>Hotomennus,</strong></span> <span class='ocrx_word' id='word_1_257' title='bbox 961 3697 1090 3758; x_wconf 75' lang='lat' dir='ltr'><strong>recepitque</strong></span> 
     </span>
     <span class='ocr_line' id='line_1_33' title="bbox 225 3755 1090 3819; baseline -0.003 -14"><span class='ocrx_word' id='word_1_258' title='bbox 225 3757 349 3808; x_wconf 79' lang='lat' dir='ltr'><strong>Graevius:</strong></span> <span class='ocrx_word' id='word_1_259' title='bbox 365 3757 431 3819; x_wconf 87' lang='lat' dir='ltr'><strong>idque</strong></span> <span class='ocrx_word' id='word_1_260' title='bbox 440 3763 464 3804; x_wconf 91' lang='lat' dir='ltr'><strong>et</strong></span> <span class='ocrx_word' id='word_1_261' title='bbox 472 3773 512 3804; x_wconf 91' lang='lat' dir='ltr'><strong>nos</strong></span> <span class='ocrx_word' id='word_1_262' title='bbox 531 3755 600 3802; x_wconf 86' lang='lat' dir='ltr'><strong>secuti</strong></span> <span class='ocrx_word' id='word_1_263' title='bbox 618 3768 704 3814; x_wconf 80' lang='lat' dir='ltr'><strong>sumus3</strong></span> <span class='ocrx_word' id='word_1_264' title='bbox 720 3755 761 3802; x_wconf 83' lang='lat' dir='ltr'><strong>etsi</strong></span> <span class='ocrx_word' id='word_1_265' title='bbox 777 3755 948 3802; x_wconf 77' lang='lat' dir='ltr'><strong>tortasseverbu</strong></span> <span class='ocrx_word' id='word_1_266' title='bbox 964 3770 1049 3804; x_wconf 80' lang='lat' dir='ltr'><strong>rrorars</strong></span> <span class='ocrx_word' id='word_1_267' title='bbox 1064 3759 1090 3802; x_wconf 81' lang='lat' dir='ltr'><strong>et</strong></span> 
     </span>
     <span class='ocr_line' id='line_1_34' title="bbox 226 3812 897 3878; baseline -0.009 -14"><span class='ocrx_word' id='word_1_268' title='bbox 226 3820 519 3878; x_wconf 69' lang='lat' dir='ltr'><strong>uumpsrnotetssunt:</strong></span> <span class='ocrx_word' id='word_1_269' title='bbox 534 3812 727 3876; x_wconf 66' lang='lat' dir='ltr'><strong>mmitsoqom</strong></span> <span class='ocrx_word' id='word_1_270' title='bbox 734 3813 897 3863; x_wconf 83' lang='lat' dir='ltr'><strong>benebsberet.</strong></span> 
     </span>
    </p>
   </div>
   <div class='ocr_carea' id='block_1_4' title="bbox 0 0 1354 4675">
    <p class='ocr_par' dir='ltr' id='par_1_4' title="bbox 0 0 1354 4675">
     <span class='ocr_line' id='line_1_35' title="bbox 0 0 1354 4675; baseline 0 0"><span class='ocrx_word' id='word_1_271' title='bbox 0 0 1354 4675; x_wconf 95' lang='lat' dir='ltr'><strong> </strong></span> 
     </span>
    </p>
   </div>
  </div>
 </body>
</html>
