2700 4675
533 586 596 633 PRO
611 587 637 635 P.
653 585 799 637 curuato.
1054 588 1100 645 '21

235 750 291 804 que
305 736 434 805 aguntur,
448 751 485 791 eo
498 735 619 800 leviora,
636 733 850 810 infirmioraque
864 728 1009 786 existimo.
1051 728 1104 783 Ni-

235 829 276 884 hil
290 829 378 901 igitur
390 832 498 897 debuit,
512 837 585 891 uttu
598 813 660 905 ipse
674 829 834 901 praedicas.

277 927 354 999 Quid
368 928 394 984 si
406 930 554 986 debuisset
562 926 577 985 i.
593 927 772 984 continuone
787 944 880 983 causa
899 924 1009 991 suisset,
1022 940 1104 980 cura

239 1031 370 1097 praetore
384 1029 553 1099 postulares,
576 1031 609 1084 ut
627 1022 902 1099 bonapossideres?
921 1041 980 1081 non
1001 1022 1105 1095 opinor

238 1123 268 1178 id
290 1124 406 1196 quidem
419 1143 512 1200 neque
529 1128 577 1199 jus
591 1144 664 1193 esse,
686 1143 778 1200 neque
798 1126 933 1198 cuiquam
954 1121 1102 1207 expedire.

237 1222 313 1293 Quid
336 1223 423 1296 igitur
444 1223 645 1283 demonstrat?
674 1224 872 1283 vadimonium
896 1222 952 1279 sibi
974 1221 1015 1277 ait
1038 1237 1102 1277 esse

234 1322 388 1378 desertum.
430 1325 597 1396 Antequam
609 1325 711 1390 doceo,
721 1324 752 1379 id
763 1324 870 1378 tactum
880 1338 940 1377 nou
949 1337 1021 1386 esse,
1031 1319 1103 1375 libet
1116 1303 1154 1361 15
1243 1322 1245 1326 ’

234 1419 314 1487 mihi,
330 1422 365 1477 O.
384 1422 504 1495 Aquini,
518 1440 557 1477 ex
570 1422 660 1477 officii
682 1421 803 1486 ratione,
817 1427 903 1493 atque
922 1436 960 1474 ex
974 1417 1104 1473 omniurn

234 1520 454 1586 consuetudine,
468 1537 528 1575 rem
543 1520 634 1592 ipsam
649 1523 680 1575 et
690 1519 797 1575 sactum
812 1519 896 1574 simul
909 1518 979 1573 Sex.
993 1514 1103 1602 Naevii

233 1617 426 1685 considerare.
470 1618 518 1675 Au
531 1618 729 1684 vadimonium
744 1636 803 1675 non
818 1622 948 1684 venerat,
958 1621 990 1673 ut
1003 1614 1055 1681 ais,
1066 1614 1101 1680 is,

231 1714 349 1786 quicum
363 1716 417 1772 tibi
431 1717 565 1782 affinitas,
580 1718 714 1783 societas,
728 1735 828 1773 omnes
845 1716 972 1789 denique
986 1730 1101 1780 causae,

232 1816 262 1867 et
280 1814 508 1871 necessitudines
532 1820 647 1871 veteres
671 1816 900 1871 intercedebant.
922 1811 1041 1870 illicone
1063 1813 1101 1868 ad

231 1917 393 1981 praetorem
405 1913 449 1968 ire
463 1912 625 1970 convenit?
644 1914 823 1970 continuone
845 1929 946 1969 verum
967 1911 1022 1967 suit
1038 1927 1101 1983 pos·

233 2009 334 2073 tulare,
347 2014 381 2064 nt
401 2028 439 2065 ex
460 2011 559 2065 edicto
573 2012 649 2066 bona
668 2011 816 2082 possidere
829 2007 952 2066 liceret?
972 2012 1008 2065 ad
1027 2010 1101 2064 haec

233 2108 373 2173 extrema,
388 2113 418 2163 et
431 2106 633 2164 inimicissima
648 2110 715 2182 jura
729 2114 788 2165 tam
801 2109 907 2181 cupide
920 2108 1101 2173 decurrebas,

232 2203 275 2260 uti
289 2204 342 2262 tibi
357 2205 430 2263 uitri}
442 2207 472 2263 iu
485 2212 637 2281 posterum,
649 2210 724 2283 quod
734 2208 850 2283 gravius
861 2213 946 2282 atque
956 2205 1100 2265 crudelius

230 2303 325 2361 tacere
340 2322 447 2378 posses,
462 2305 645 2366 reservares?
675 2310 753 2367 Nam
776 2308 845 2382 quid
869 2307 981 2366 homini
1005 2310 1102 2380 potest

229 2402 348 2475 turpius,
363 2405 431 2478 quid
448 2406 509 2461 viro
525 2405 665 2472 miserius,
681 2409 730 2462 aut
751 2406 882 2461 acerbius
903 2423 955 2460 usu
977 2402 1101 2461 venire?

228 2503 305 2575 quod
319 2508 432 2559 tantum
446 2503 567 2559 evenire
591 2503 729 2567 dedecus,
749 2518 822 2574 quae
845 2506 926 2557 tanta
949 2501 1100 2573 calamitas

229 2599 359 2655 inveniri
372 2597 489 2671 potest?
509 2599 669 2655 Pecuniam
683 2599 709 2656 si
722 2599 848 2672 cuipiam
859 2568 1100 2669 tortuosaemit,

230 2701 281 2751 aut
294 2696 318 2751 si
332 2697 454 2771 alicujus
465 2696 570 2769 eripuit
581 2696 702 2771 injuria:
725 2705 832 2766 tamen,
842 2700 910 2754 dum
921 2699 1100 2756 existimatio

229 2799 273 2850 est
301 2794 421 2868 integra,
448 2796 534 2852 facile
564 2799 729 2853 consolatur
758 2798 894 2854 honestas
927 2802 1097 2870 egestatem.

225 2890 300 2950 44Αῐ
322 2912 381 2950 uon
405 2912 491 2952 nemo
513 2900 562 2952 aut
586 2896 746 2971 ignominia
768 2897 896 2963 affectus,
919 2901 967 2952 ant
983 2897 1097 2967 judicio

226 2993 300 3066 turpi
322 2995 485 3059 convictus,
509 2997 593 3051 bonis
620 2994 738 3070 quidem
765 2995 823 3052 suis
848 2994 950 3064 utitur3
978 2994 1096 3051 alterius

225 3108 304 3164 opes,
323 3093 354 3149 id
375 3095 450 3168 qnod
473 3095 667 3152 miserrimum
684 3101 737 3162 est,
760 3113 818 3151 non
843 3100 1025 3167 exspectate
1039 3096 1095 3151 hoc

226 3196 323 3247 tamen
345 3192 375 3249 iu
397 3192 519 3250 miseriis
544 3195 712 3267 adjumento
735 3199 766 3250 et
789 3194 893 3250 solatio
919 3195 1094 3251 sublevatur.

228 3287 317 3358 Cujus
342 3308 412 3347 vero
437 3293 514 3347 bona
536 3292 707 3360 venierunt;
735 3293 817 3366 cujus
840 3310 898 3349 non
919 3295 1004 3349 modo
1025 3292 1095 3349 illae

228 3380 421 3458 amplissimae
445 3391 584 3461 fortunae,
608 3393 659 3447 sed
682 3391 770 3447 etiam
795 3391 889 3447 victus
917 3392 1093 3464 vestitusque

224 3486 402 3541 necessarius
416 3491 468 3544 sub
483 3506 625 3560 praecone
639 3506 706 3545 cum
717 3491 858 3546 dedecore
872 3490 1017 3561 subjectus
1032 3495 1091 3545 est:

221 3585 246 3640 is
271 3601 330 3639 non
345 3585 430 3640 modo
453 3603 491 3641 ex
505 3604 624 3643 numero
645 3586 772 3642 virorum
793 3591 970 3655 exturbatur,
984 3589 1045 3653 sed,
1066 3587 1091 3641 si

223 3683 286 3740 fieri
300 3688 404 3756 potest,
418 3682 492 3739 infra
505 3684 593 3740 etiam
614 3686 738 3742 mortuos
753 3689 930 3745 amandatus.
972 3684 1092 3742 Etenim

252 3837 274 3868 ⁴⁴
289 3839 321 3882 At
335 3852 381 3884 aon
400 3837 482 3898 mom]
514 3836 557 3883 Ed.
577 3838 612 3884 W.
638 3839 670 3883 At
685 3852 736 3884 vcro
752 3855 821 3888 neom.
837 3841 904 3887 male.
936 3837 1091 3884 Hotomaunus

223 3894 312 3953 corrigit
322 3899 356 3942 Ac
370 3911 416 3943 uon
426 3912 450 3943 a.
482 3897 532 3943 Nec
542 3897 584 3943 hoc
594 3897 647 3943 satis
656 3897 737 3958 placet.
