2700 4675
390 493 394 497 ⁴
436 531 508 585 sor.
526 529 671 583 risanae
685 527 861 583 smarnos.
1025 533 1091 599 m

221 697 366 775 pecuniae
379 715 411 756 se
435 708 620 773 reperturam.
660 703 765 776 ltaque
791 700 920 774 apponit,
939 700 988 774 qui
1010 703 1091 773 petat

221 795 338 854 Veneri
365 797 512 871 Erycinae
538 799 620 857 illam
644 800 845 857 hereditatem.
883 797 974 856 ”non
1013 798 1091 857 enim

223 900 357 971 quaestor
370 895 456 969 petiit
469 893 513 973 (ut
525 902 569 954 est
582 893 773 975 consuetudo)
784 898 818 965 is,
829 896 877 972 qui
895 895 918 930 ’Ἰ
930 897 1092 971 Erycinum

223 999 354 1052 montem
382 993 547 1053 obtinebat:
568 997 642 1069 petit
669 996 800 1054 Naevius
827 996 940 1071 Turpio
966 997 1092 1071 quidam,

224 1091 310 1150 istius
324 1109 461 1151 excursor
474 1099 505 1151 et
531 1093 704 1163 emissarius,
726 1096 812 1153 homo
825 1096 954 1153 omnium
977 1114 1015 1153 ex
1039 1095 1092 1153 illo

224 1198 374 1250 conventu
393 1191 415 1226 ¹⁸
424 1195 673 1268 quadruplatorum
688 1195 865 1262 deterrimus,
881 1196 916 1253 0.
932 1196 1092 1252 Sacerdote

225 1297 359 1365 praetore
373 1294 580 1351 condemnatus
594 1293 772 1366 injuriarum.
813 1294 932 1351 Etenim
946 1299 1008 1349 erat
1020 1293 1094 1366 ejus·

223 1389 303 1447 modi
317 1407 414 1460 causa,
427 1394 459 1447 ut
472 1391 535 1465 ipse
549 1397 673 1465 praetor,
687 1408 754 1448 eum
774 1397 923 1465 quaereret
937 1390 1093 1448 calumnia·

223 1491 326 1554 torem,
335 1491 432 1561 paullo
446 1494 543 1545 tamen
555 1488 810 1546 consideratiorem
824 1487 948 1562 reperire
961 1506 1019 1546 non
1031 1505 1094 1561 pos·

223 1592 278 1644 set.
317 1583 338 1617 ¹⁸
352 1587 440 1644 Hunc
465 1587 612 1645 bominem
640 1587 754 1644 Veneri
778 1587 922 1645 absolvit:
944 1586 1000 1644 sibi
1026 1604 1093 1644 con·

223 1683 352 1742 demnat.
377 1684 478 1743 maluit
491 1686 631 1743 videlicet
655 1687 788 1744 homines
802 1704 934 1759 peccare,
947 1704 1032 1761 quam
1045 1688 1095 1743 de·

226 1797 278 1839 os:
299 1800 330 1839 se
345 1785 440 1856 potius
454 1801 471 1840 a
486 1785 594 1852 Dione,
608 1787 684 1860 qaod
698 1803 755 1842 non
770 1786 888 1852 licebat,
901 1803 986 1859 quam
995 1785 1094 1842 Vene-

225 1897 297 1948 rem,
308 1883 383 1955 quod
398 1899 457 1938 non
465 1882 632 1947 debebatur,
642 1882 762 1938 auferre.
805 1883 881 1953 Quid
892 1900 947 1955 ego
958 1884 1006 1940 hic
1018 1899 1096 1940 nunc

227 1979 301 2038 Sex.
317 1978 450 2050 Pompeji
476 1978 577 2035 Chlori
599 1978 797 2035 testimonium
819 1978 948 2046 recitem,
961 1979 1011 2053 qui
1031 1997 1102 2062 cau--

226 2093 291 2135 sam
305 2075 365 2149 egit
374 2071 505 2133 Diouis?
524 2075 572 2150 qui
585 2075 719 2133 omuibus
732 2079 816 2133 rebus
833 2076 984 2147 interluit3
1006 2077 1095 2135 bomi-

226 2174 274 2235 nis
289 2173 496 2243 honestissimi,
506 2174 623 2232 tametsi
641 2173 718 2232 civis
733 2175 881 2234 Romanus
896 2176 1010 2234 virtutis
1030 2193 1097 2235 eau-

227 2289 261 2332 sa
269 2273 383 2349 jamdiu
397 2279 450 2342 est,
464 2278 562 2331 tamen
576 2273 706 2331 omnium
717 2274 880 2333 Siculorum
899 2276 983 2350 primi
997 2293 1033 2333 ac
1047 2293 1096 2333 no·

174 2433 177 2438 ,
226 2372 375 2431 bilissimi.
417 2373 496 2445 Quin
509 2373 599 2444 ipsius
617 2370 638 2402 ⁸⁰
648 2372 685 2443 Q.
701 2374 827 2430 Caecilii
841 2373 956 2440 Dionis,
970 2375 1096 2432 hominis

226 2470 424 2547 probatissimi
439 2486 474 2526 ac
488 2466 711 2541 pudentissimi?
745 2470 820 2540 Quid
835 2470 871 2526 L.
892 2470 1035 2528 Vetecilii
1048 2472 1096 2530 Li-

228 2569 317 2645 garis,
331 2568 373 2624 Τ.
389 2565 505 2634 Manlii,
519 2566 555 2623 L.
571 2563 701 2624 Caleni?
726 2584 844 2641 quorum
862 2568 992 2625 omnium
1019 2569 1097 2628 testi-

260 2729 282 2763 Ν
295 2726 409 2777 maeleim
417 2725 757 2788 moroso-uambae]
788 2727 841 2775 dine
858 2729 997 2781 dubitatione
1011 2733 1097 2781 correxi

227 2787 310 2846 petiit:
325 2786 383 2849 quod
391 2789 414 2831 et
430 2800 464 2832 res
474 2791 497 2831 et
507 2784 598 2831 verbum
616 2785 725 2831 obtinebat
741 2786 801 2832 clare
812 2786 875 2843 jussit
890 2789 971 2835 lacere.
1002 2790 1099 2851 Decepit

228 2847 330 2894 homiues
339 2847 434 2892 alteram
446 2845 508 2901 pale,
518 2844 576 2905 quod
587 2843 701 2904 sequitur:
716 2844 755 2890 sed
765 2844 788 2890 id
803 2845 900 2904 pertinet
909 2847 939 2892 ad
948 2847 1097 2897 aarmtbnem

228 2906 290 2963 iacti,
301 2905 465 2967 respondetque
474 2902 580 2965 superiori
589 2903 685 2960 apponit.

260 2984 282 3017 ¹⁷
296 2988 389 3031 manem
404 2982 516 3043 Erycum]
533 2996 552 3027 a.
565 2982 600 3027 de,
612 2981 635 3026 b.
652 2980 667 3027 l.
687 2981 734 3028 lnd.
751 2981 833 3038 Gener.
845 2981 868 3028 in
880 2981 974 3042 Eryco.
1005 2986 1056 3046 Ego
1064 2991 1098 3034 ta-

228 3056 282 3092 nen
291 3047 317 3090 ut
324 3042 433 3090 Graevii·
442 3041 532 3102 reposui·
539 3040 675 3098 descissam,
685 3041 737 3103 quia
746 3042 778 3088 sic
787 3041 860 3102 reperi
876 3042 899 3088 in
906 3044 959 3089 edd.
970 3056 1003 3105 pr.
1029 3045 1066 3092 Sie
1074 3051 1099 3094 et

231 3102 314 3149 Aaou.
326 3101 428 3159 Erycum
437 3106 471 3146 est
486 3101 516 3147 ab
526 3099 594 3153 nldo,
605 3100 664 3171 qaod
673 3101 721 3147 lere
730 3100 800 3147 secuti
816 3105 868 3147 suut
876 3115 951 3149 omnes
959 3111 1048 3165 praeter
1057 3107 1099 3154 Al·

231 3156 285 3204 sium
295 3158 326 3226 N.
343 3158 366 3204 in
379 3160 415 3205 ed.
426 3159 488 3205 1483.
520 3158 629 3205 liestitrut
638 3168 702 3206 vetus
716 3158 832 3216 Graevius,
850 3161 889 3206 sed
905 3175 948 3208 non
963 3177 991 3209 ex
1000 3164 1051 3211 edd.
1062 3179 1096 3227 pr.

231 3230 287 3277 quas
296 3216 409 3262 brenemo
417 3216 518 3275 inspexit,
527 3232 577 3263 cum
587 3218 781 3266 Mediolanensem
790 3218 869 3280 ipsein
878 3221 977 3268 manibus
988 3224 1086 3270 baberet

264 3295 284 3326 ¹³
297 3294 535 3354 perdedemus]
566 3296 614 3341 Ma
632 3297 682 3343 Pal.
698 3300 830 3355 tcto-rim
849 3304 876 3346 ut
893 3303 1033 3361 conjecerant
1050 3304 1099 3350 llo

231 3356 289 3401 tom.
300 3349 392 3396 ettluil.
424 3348 500 3396 Verba
507 3350 562 3396 haee
571 3356 595 3398 et
604 3354 659 3399 alibi
669 3363 801 3415 permutata,
812 3358 922 3406 atinae.
936 3365 969 3408 16.
1047 3376 1050 3381 ·

263 3433 284 3464 ¹⁹
298 3431 369 3477 Haase
377 3432 487 3478 homiaem
507 3430 535 3477 V.
545 3431 601 3500 aba]
633 3433 658 3479 ln
671 3435 714 3480 hoe
724 3436 774 3483 loco
787 3452 874 3501 semper
890 3441 959 3488 haesi.
992 3439 1100 3497 inteiligit

233 3490 339 3545 Dionem,
349 3491 408 3547 cujus
418 3503 497 3536 nomen
512 3488 598 3546 longius
608 3489 659 3537 hinc
669 3497 778 3540 remotam
789 3503 830 3552 est,
840 3503 864 3544 et
871 3498 895 3545 in
909 3499 1029 3544 viciniaest
1039 3498 1100 3544 Nae·

232 3550 291 3605 vius,
302 3562 366 3608 quem
376 3548 502 3610 appellarat
510 3546 619 3594 marium
627 3564 646 3595 o.
656 3576 666 3584 -
675 3576 685 3584 ·
694 3550 844 3602 dominam.
875 3559 908 3604 Et
919 3558 990 3603 haesit
1005 3555 1041 3601 tric
1055 3556 1100 3601 'am
1183 3582 1193 3591 ,.

230 3607 397 3662 Hotomuauus,
408 3605 444 3667 qui
454 3605 573 3651 lectionem
590 3606 638 3652 Me.
658 3610 741 3656 veteris
758 3610 805 3658 Hic
823 3613 932 3662 datricem
950 3615 1051 3676 praeiere

232 3667 279 3717 Sed
291 3681 331 3713 nee
341 3666 384 3711 boc
392 3664 503 3711 sabsfauit.
511 3664 540 3710 de
549 3664 622 3711 Verre
631 3667 689 3713 solet
698 3668 773 3716 dicere
781 3671 828 3718 iste.

262 3747 286 3778 ²⁰
300 3745 328 3796 Q.
341 3743 434 3790 Caecilii
443 3743 535 3805 Dionia]
552 3742 653 3802 intellige
663 3761 677 3790 e
686 3763 705 3792 c.
716 3753 737 3794 7.
748 3748 785 3794 ubi
796 3750 842 3797 Dio
851 3750 880 3799 Q.
893 3748 985 3795 Metelli
995 3749 1102 3796 beneficio

224 3803 291 3854 ‘ciris
298 3805 328 3853 B.
340 3804 410 3851 laetas
418 3801 512 3862 dicitur5
527 3802 586 3850 uude
593 3803 623 3855 Q·
634 3804 745 3855 Caecilius
754 3807 801 3856 Dio
809 3808 880 3855 dictus
888 3811 923 3854 est
929 3807 996 3866 pleno
1003 3808 1099 3854 nonnae
