2700 4675
254 490 318 564 292
589 478 626 532 tlt
640 478 784 532 tmesi
888 547 890 551 Ι

256 630 332 706 quod
347 645 412 688 earn
425 629 587 705 palaestrae
600 629 619 663 ⁴¹
631 617 814 690 commissam
828 645 891 688 esse
906 628 1020 690 disant.
1061 631 1125 692 Ple·

254 730 317 788 cuit
330 729 404 788 ratio
419 730 514 788 Verri.
536 748 604 790 uam
614 733 669 788 boe
678 731 776 788 animo
786 729 968 805 providebat,
983 748 1051 791 oum
1065 738 1125 791 tan·

258 835 288 885 ta
311 829 457 887 hereditas
484 830 515 887 in
543 828 770 889 controversiam
795 828 936 898 venisset,
957 830 1127 905 judicioque

255 932 411 1002 peteretur,
426 928 487 986 fieri
499 947 556 986 non
571 947 666 1003 posse,
680 933 712 986 ut
724 929 787 986 sine
801 930 907 1003 praeda
921 929 985 1002 ipse
999 931 1128 987 dimode·

253 1030 306 1083 ret.
328 1029 466 1100 approbat
480 1027 651 1085 consilium:
672 1035 774 1085 auctor
787 1032 882 1095 est,ut
899 1045 986 1102 quam
1004 1030 1126 1101 primum

254 1141 339 1198 agere
361 1124 514 1198 incipiant,
538 1125 742 1200 hominemque
757 1125 786 1182 id
808 1126 923 1194 aetatis,
937 1127 1058 1186 minime
1072 1126 1126 1184 liti·

253 1223 374 1298 giosum,
388 1242 473 1299 quam
493 1225 749 1282 tumultuosissime
767 1225 942 1283 adoriantur.
985 1225 1127 1284 Scribitur

205 1315 242 1374 ¹5
256 1322 394 1382 Heraclio
407 1324 483 1381 dica.
524 1323 623 1382 Primo
645 1324 784 1381 mirantur
796 1340 898 1380 omnes
911 1322 1123 1395 improbitatem

253 1423 434 1482 calumniae:
454 1422 560 1482 deinde
574 1422 623 1499 qui
635 1422 722 1480 istum
736 1427 863 1488 nossent,
877 1421 981 1495 partim
999 1421 1124 1494 suspica-
1138 1414 1143 1420 ’

252 1523 366 1588 bantur,
379 1522 484 1594 partim
497 1524 583 1594 plane
598 1521 748 1587 videbant,
767 1520 912 1594 seljectum
932 1538 997 1577 esse
1010 1523 1125 1578 oculum

253 1618 417 1678 hereditati.
459 1620 577 1676 Interea
591 1618 654 1674 dies
668 1619 800 1686 advenit,
814 1618 929 1692 quodie
943 1636 1008 1673 sese
1030 1637 1069 1674 ex
1085 1619 1125 1676 in·

253 1718 363 1786 stituto,
377 1735 412 1774 ac
437 1719 502 1792 lege
525 1716 654 1789 Rupilia,
678 1717 760 1773 dicas
785 1717 948 1775 sortiturum
972 1716 1124 1790 Syracusis

253 1816 309 1874 iste
324 1816 471 1874 edixerat:
493 1820 607 1888 paratus
626 1816 662 1871 ad
686 1815 762 1871 hanc
777 1816 873 1872 dicam
887 1814 1064 1873 sortiendam
1079 1834 1125 1873 ve-

254 1921 346 1974 nerat.
367 1921 427 1973 tuna
452 1933 518 1972 eum
538 1915 624 1971 docet
647 1914 810 1981 Heraclius,
834 1932 894 1972 non
916 1931 1001 1988 posse
1021 1932 1058 1971 eo
1077 1915 1124 1971 die

254 2014 358 2082 sortiri,
382 2015 457 2090 quod
480 2016 529 2070 lex
552 2012 669 2086 Rupilia
693 2018 805 2070 vetaret
828 2012 930 2070 diebus
951 2032 1019 2070 xxx
1033 2011 1125 2073 sortiri

204 2148 205 2151 =
254 2114 360 2179 dicam,
371 2114 473 2187 quibus
487 2111 595 2183 scripte
605 2116 691 2167 esset.
706 2112 769 2168 dies
783 2130 850 2168 xxx
860 2114 992 2170 nondum
1005 2112 1122 2170 inerant

254 2212 387 2286 sperabat
402 2209 564 2275 Heraclius,
577 2209 603 2264 si
617 2209 700 2266 illum
713 2210 792 2266 diem
802 2209 960 2284 effugisset,
975 2216 1044 2267 ante
1056 2212 1122 2268 altc-

254 2327 315 2368 ram
328 2308 508 2367 sortitionem
521 2308 557 2380 Q.
566 2307 692 2375 Arrium,
703 2325 788 2382 quem
797 2308 950 2383 provincia
961 2314 1022 2366 tum
1037 2307 1122 2367 maxi·

254 2430 302 2471 me
323 2410 523 2484 exspectabat,
548 2425 756 2465 successurum.
811 2409 871 2464 Iste
898 2407 1033 2465 omnibus
1053 2406 1121 2464 dicis

254 2511 332 2568 diem
354 2509 482 2568 distulit:
503 2513 534 2565 et
548 2526 612 2564 eam
626 2507 705 2563 diem
726 2504 886 2572 constituit,
900 2511 931 2563 ut
945 2507 1023 2563 banc
1038 2507 1123 2563 Hera·

255 2609 306 2667 clii
321 2608 419 2665 dicam
434 2607 528 2663 sortiri
543 2613 607 2681 post
619 2607 683 2663 dies
697 2624 763 2661 xxx
776 2623 814 2661 ex
829 2606 895 2679 lege
909 2611 1018 2677 posset.
1060 2605 1123 2661 Pos-

255 2712 389 2781 teaquam
403 2723 438 2761 ea
451 2705 513 2761 dies
531 2706 629 2762 veuit:
650 2705 706 2761 iste
718 2703 822 2776 incipit
836 2703 982 2771 simulare,
996 2722 1028 2760 se
1051 2703 1123 2759 vello

255 2805 359 2864 sortiri.
402 2805 554 2863 Heraclius
569 2822 635 2862 cunr
646 2802 797 2860 advocatis
811 2801 882 2866 adit,
896 2807 927 2857 et
942 2804 1076 2874 postulat,
1095 2803 1125 2857 ut

255 2906 312 2963 sibi
325 2923 391 2963 cum
405 2903 589 2979 palaestritis,
603 2905 658 2959 hoc
670 2909 723 2969 est,
732 2918 799 2958 cum
813 2902 918 2973 populo
932 2901 1123 2975 Syracusano.

256 3019 348 3074 aequo
363 3004 429 3074 jure
454 3004 615 3075 disceptare
635 3001 732 3057 liceat.
777 2998 950 3057 Adversarii
970 3001 1123 3072 postulant,

255 3102 285 3154 ut
299 3098 331 3153 iu
345 3116 408 3155 eam
426 3100 606 3169 remjudices
620 3100 732 3167 dentur,
747 3116 784 3155 ex
799 3098 843 3154 bis
857 3097 1041 3165 civitatibus,
1054 3112 1123 3171 quae

255 3194 284 3251 in
299 3193 329 3251 id
343 3195 433 3251 torum
446 3193 467 3224 ⁴²
478 3196 679 3252 convenirent.
714 3196 821 3263 Electi‚
836 3196 884 3270 qui
894 3196 984 3253 Verri
996 3196 1125 3253 videren-

283 3349 304 3383 41
319 3349 454 3396 commissum
464 3350 524 3410 esse.]
556 3349 616 3395 Edd.
628 3364 661 3411 pr.
674 3350 823 3397 commiubsae.
855 3349 960 3395 Correxit
978 3349 1056 3404 Aldus,
1073 3360 1124 3394 orm·

254 3409 343 3456 misisse.
376 3409 519 3455 dommum
537 3424 586 3464 ease,
606 3415 667 3455 recto
684 3411 846 3464 Hotomannos,
865 3413 891 3454 ut
909 3408 933 3454 in
949 3408 999 3455 Ms.
1011 3410 1124 3469 repererat

253 3468 277 3514 N
278 3468 361 3515 annius.
393 3467 501 3527 Exempla
511 3469 576 3527 hujus
585 3469 739 3529 corruptionis,
748 3483 791 3530 qua
800 3468 922 3527 perlectum
937 3466 1051 3527 passivum
1060 3465 1083 3512 in
1092 3478 1125 3510 aa·

253 3527 324 3575 tivum
333 3531 470 3574 contractum
479 3531 520 3582 ess,
531 3528 596 3588 plura
605 3532 685 3583 notate
694 3531 745 3573 sunt
754 3541 769 3571 a
776 3526 830 3572 viris
839 3525 911 3571 doctis
920 3546 925 3570 :
942 3539 1016 3586 eaque
1022 3525 1126 3571 obm-

252 3586 379 3692 {inpressit
394 3590 417 3633 et
426 3584 530 3646 prodesse
545 3590 618 3646 potest
632 3587 661 3632 ad
678 3588 720 3633 hoc
736 3599 803 3644 genus
818 3584 869 3631 vitii
884 3584 1037 3642 indagandum
1046 3584 1069 3630 in
1079 3580 1127 3629 aliis

262 3660 314 3694 osu.

281 3725 305 3758 ⁴²
319 3727 466 3773 conuenirent.
497 3721 578 3775 Electi‚
588 3722 645 3792 qut]
676 3721 863 3793 siclinterpunxi,
878 3722 960 3780 utiam
968 3716 1125 3772 iediflnevi¹

253 3794 284 3830 m.
317 3784 486 3832 lnoeterirest:
503 3784 786 3842 enumeraremus.
