2700 4675
539 608 764 665 PRAEFATIO.
1027 631 1090 676 χχι

221 764 366 829 mobrem
395 762 439 827 Ρ.
472 764 512 830 C.
543 766 584 829 ad
613 766 785 829 clausulam
818 783 920 848 usque
945 764 1093 832 orationis

222 858 352 914 sextae:
376 850 377 853 ’
402 849 670 934 Guelferbytanus
712 858 745 913 et
781 849 1095 935 Huydecoperianus

221 936 350 999 alteram
376 936 405 1001 in
432 937 571 999 oratione
587 935 711 998 decima
736 936 924 1021 aprincipio
942 957 973 998 c.
997 941 1028 999 4.
1054 937 1096 1000 ad

225 1023 352 1102 quintae
373 1022 503 1097 initium,
527 1042 619 1104 quam
645 1029 677 1083 et
694 1021 850 1085 Graevius
874 1023 905 1085 in
928 1022 992 1084 suis
1007 1022 1095 1086 libris

225 1106 355 1189 reperit.
409 1107 464 1170 Ex
499 1128 562 1190 qun
591 1107 781 1189 intelligitur,
811 1108 869 1170 hos
896 1107 1026 1172 codices
1056 1109 1096 1171 ab

227 1191 338 1255 eodem
367 1193 452 1257 sonte
482 1193 623 1255 fluxisse.
669 1194 892 1276 Lugdunensis
923 1194 954 1257 in
983 1202 1098 1258 octava

227 1275 364 1342 oratione
377 1280 501 1355 desinit,
515 1278 785 1362 Guelferbytanus
803 1281 834 1342 in
849 1279 948 1343 Xlll.
966 1284 997 1341 9.
1015 1302 1097 1363 quae

227 1361 327 1426 XIV.
344 1374 532 1440 numeratur,
560 1366 633 1448 quia
656 1387 673 1427 e
690 1366 783 1427 tertia
798 1365 878 1428 duae
894 1365 995 1427 sactae
1012 1374 1096 1429 sunt.

226 1447 282 1510 Ab
306 1452 418 1513 eodem
439 1451 522 1514 Viro
546 1451 751 1513 celeberrimo
767 1452 879 1535 accepi
901 1459 1055 1537 excerpta
1079 1472 1098 1515 e

228 1534 340 1599 codice
371 1536 665 1621 Huydecoperiano
699 1537 739 1598 ad
766 1536 920 1600 Verrinas
961 1544 994 1599 et
1020 1536 1098 1601 duas

227 1620 301 1684 alias
313 1623 485 1704 orationem
496 1622 554 1687 sed
575 1644 658 1699 sero,
675 1643 819 1687 cumeae
839 1622 907 1708 jam
921 1624 1010 1709 prela
1029 1623 1099 1686 reli·

228 1707 381 1787 quissent.
439 1709 511 1771 Nec
543 1718 644 1772 tamen
683 1710 883 1787 committam,
920 1717 956 1772 ut
984 1710 1101 1773 frustra

229 1792 318 1855 nobis
335 1816 442 1857 eorum
456 1817 534 1858 usus
550 1795 672 1858 oblatus
689 1795 844 1857 videatur.

274 1879 366 1942 Hdec
383 1880 448 1943 fere
464 1889 547 1957 sunt,
568 1901 648 1963 quae
664 1881 779 1942 dehac
795 1888 884 1966 parte
907 1874 1099 1943 recensionis

229 1972 353 2026 nostrae
370 1965 477 2027 dicere
502 1965 608 2028 habui.
656 1966 744 2049 Opto
769 1966 985 2041 vehementer,
1004 1974 1039 2028 ut
1048 1966 1100 2047 ju·

231 2046 356 2109 dicibus
373 2049 493 2111 idoneis
515 2051 596 2112 bene
608 2049 729 2133 positus
746 2049 777 2111 in
792 2051 851 2113 hac
868 2060 956 2135 parte
968 2071 1100 2135 operum

231 2132 506 2198 Ciceronianorum
533 2136 620 2198 labor
643 2142 750 2197 noster
765 2136 919 2201 videatur·
967 2136 1041 2203 Scr-
1064 2136 1097 2199 d.

231 2219 348 2284 XXII.
367 2220 454 2286 Nov-
471 2244 500 2286 a.
518 2221 557 2288 O.
577 2221 636 2287 clo
651 2222 730 2287 Incc
750 2243 880 2287 numu.
