2700 4675
528 587 593 637 rao
607 586 633 636 r.
649 585 795 640 cumulo.
823 617 827 626 .
1048 590 1084 648 11

220 750 287 793 cum
301 734 415 803 ceteris,
426 752 500 810 quae
513 736 649 805 habebat,
659 732 828 792 vadimodia
840 731 944 801 differt,
956 735 990 790 ut
1003 747 1090 806 expe-

221 834 299 890 ditus
320 833 352 889 in
367 834 496 892 Galliam
509 834 655 907 proticisci
668 836 775 905 posset.
796 830 994 904 proficiscitur.
1035 830 1092 887 Ro·

224 947 273 988 ma
287 931 431 1005 egreditur
443 930 464 963 ²⁹
476 935 546 988 ente
564 931 646 988 diem
660 949 695 987 ιι.
714 931 839 987 Kalend.
854 928 1015 996 Februarii,
1030 928 1093 986 Sci·
1183 976 1185 979 ,

224 1028 312 1103 pione
334 1034 364 1086 et
388 1030 529 1087 Norbano
542 1029 625 1087 Coae.
667 1028 792 1100 Quaeso,
811 1032 844 1085 ut
856 1046 924 1087 eum
936 1026 1016 1085 diem
1035 1043 1095 1085 me·

226 1127 336 1183 moriae
349 1128 503 1185 mandetis.
544 1128 580 1186 L.
592 1128 706 1196 Albius,
722 1129 792 1185 Sex.
803 1126 889 1195 filius,
904 1126 1035 1199 Quirina,
1049 1125 1097 1186 vir
1106 1163 1112 1200 ,ι

226 1224 328 1293 bonus,
342 1230 445 1283 etcum
453 1226 553 1298 primis
566 1227 713 1295 honestus,
721 1244 780 1284 uno
790 1226 932 1300 proiectus
945 1229 999 1283 eet.
1020 1225 1098 1284 (ium
1111 1261 1113 1270 =
1128 1305 1130 1310 Ι

228 1324 380 1382 venisseut
393 1326 430 1381 ad
441 1326 528 1381 Vada
541 1326 736 1383 Volaterrana
753 1343 826 1400 quae
846 1324 1042 1391 nominantur,
1054 1324 1099 1381 vi·

227 1424 299 1480 dent
312 1424 535 1497 perfamiliarem
548 1425 669 1491 Naevii,
683 1426 732 1498 qui
755 1442 794 1481 ex
808 1423 908 1481 Gallia
924 1440 1027 1497 pueros
1048 1440 1099 1479 ve·
1169 1427 1171 1430 ’

231 1524 313 1579 nalee
337 1523 387 1579 isti
411 1524 583 1592 adducebat,
605 1524 641 1581 L.
657 1522 831 1589 Publicium,
850 1521 908 1596 qui,
921 1526 955 1579 ut
975 1522 1115 1579 Romam·
1143 1593 1150 1607 =

231 1620 323 1688 venit,
336 1626 434 1678 narrat
458 1620 585 1688 Naevio,
604 1637 661 1695 quo
682 1621 713 1678 in
737 1623 803 1678 loco
816 1620 924 1678 viderit
938 1619 1099 1692 Quintium.

232 1717 338 1794 ”quod
359 1720 417 1776 nisi
437 1738 475 1777 ex
494 1719 629 1778 Publicio
652 1730 799 1778 narratum
812 1719 930 1777 Naevio
943 1722 1029 1786 earet,
1041 1735 1101 1776 uon

234 1822 295 1875 tarn
311 1819 371 1876 cito
391 1837 436 1875 res
460 1819 492 1876 in
515 1818 736 1877 contentionem
748 1818 889 1876 venisset.
931 1819 1011 1876 Tum
1024 1817 1103 1875 Nae-

235 1916 300 1972 vius
315 1934 416 1989 pueros
435 1917 545 1974 circum
565 1917 673 1974 amicos
694 1917 829 1974 dimittit:
849 1918 912 1989 ipae
925 1933 992 1973 auos
1005 1932 1104 1973 neces·

236 2013 327 2069 iarios
341 2016 379 2070 ab
393 2014 474 2070 atriis
487 2013 613 2072 Liciniis
627 2019 657 2071 et
669 2031 688 2070 a
698 2014 828 2071 saucibus
838 2014 956 2071 macelli
964 2017 1105 2085 corrogat,

237 2115 271 2168 ut
298 2112 335 2167 ad
361 2112 488 2167 tabulam
517 2110 651 2169 Sextiam
676 2111 734 2169 eibi
760 2111 857 2169 adaint
883 2113 954 2169 hora
977 2111 1107 2169 secunda

240 2208 388 2283 postridie.
422 2208 545 2266 veniunt
571 2210 745 2285 trequentes.
779 2211 949 2268 testificatur
970 2209 1037 2277 iate,
1070 2207 1106 2265 P.

241 2308 406 2380 chuuruu
425 2325 488 2366 uou
514 2325 663 2378 summan,
689 2328 730 2367 uu
753 2328 789 2368 sn
815 2326 971 2379 suminam
991 2309 1107 2367 tabulae

239 2407 390 2464 maximae
416 2407 506 2481 signis
529 2409 680 2467 homiuum
712 2409 855 2466 nobilium
879 2407 1107 2481 consignantur:

242 2505 410 2563 disceditur.
430 2507 588 2578 postulata
612 2505 756 2562 Burrieno
777 2511 909 2578 praetore
923 2505 1065 2571 Naevius,
1077 2509 1111 2561 ut

242 2620 282 2658 ex
295 2602 393 2659 edicto
407 2603 483 2658 bona
495 2602 642 2674 possidere
655 2603 755 2660 liceat.
785 2603 804 2657 J
807 2595 877 2660 useit
888 2604 961 2659 bona
972 2601 1112 2675 proscribi

244 2699 316 2770 ejue‚
327 2698 443 2772 quicum
456 2699 634 2757 familiaritas
643 2699 746 2768 luerat
758 2698 883 2758 iocietae
893 2705 964 2767 erat,
977 2699 1127 2770 affinitas,-

245 2796 345 2854 liberie
361 2797 442 2854 istius
456 2796 544 2865 vivis,
558 2797 662 2855 divelli
680 2799 761 2863 nullo
784 2801 870 2855 modo
883 2804 1004 2872 poterat.
1046 2800 1123 2871 Qua.

209 2961 211 2965 ι
245 2912 284 2952 ex
307 2913 338 2953 re
352 2895 478 2970 intelligi
491 2895 577 2953 lacile
590 2896 693 2970 potuit,
712 2899 823 2954 nullum
836 2914 900 2954 eece
913 2897 1040 2955 officium
1053 2901 1114 2956 tam
1140 2925 1141 2928 ¹

247 3000 379 3052 sanctum
393 3005 478 3070 atque
491 2997 642 3062 sollemne,
655 2996 731 3070 quod
747 3012 806 3052 non
820 2995 944 3053 avaritie
957 2995 1115 3053 comminu-

247 3111 296 3150 ere
309 3098 394 3168 atque
417 3093 528 3150 violare
540 3096 641 3151 soleat.
682 3093 801 3155 Etenim
824 3093 850 3151 ai
870 3094 1003 3163 veritate,
1016 3093 1116 3152 amici·

248 3191 299 3258 tia,
312 3192 369 3247 tide
382 3192 517 3261 societas,
529 3193 640 3265 pietate
654 3192 852 3266 propinquitas
862 3193 981 3251 colitur:
995 3211 1116 3250 necesse

250 3294 305 3356 eet,
324 3289 388 3357 iste,
402 3289 451 3364 qui
474 3290 608 3357 amicum,
622 3290 742 3358 accium,
756 3290 881 3360 affinem,
894 3292 970 3348 lama
982 3310 1018 3348 ac
1030 3292 1117 3349 tortu·

280 3439 304 3472 ²⁰
317 3441 434 3488 antediem
450 3442 595 3505 ii.Kolend.]
611 3442 626 3490 i.
642 3459 662 3490 e.
690 3443 797 3490 ridKal.
828 3443 864 3490 aie
876 3444 968 3491 edidere
984 3445 1076 3492 Hotom.
1094 3448 1119 3491 et

252 3495 373 3545 Lambinus
388 3515 401 3545 e
418 3516 436 3546 c.
455 3504 487 3548 l8.
500 3501 535 3547 ubi
552 3517 649 3561 egressus
705 3518 742 3548 nra
758 3503 815 3563 prid.
834 3503 885 3549 Kal.
897 3503 983 3550 dicitur.
1014 3505 1058 3550 Sed
1076 3505 1119 3549 hac

252 3559 324 3603 torma
333 3557 355 3602 in
365 3573 392 3603 ea
401 3558 437 3604 die
446 3559 523 3605 Latini
532 3576 576 3606 non
583 3562 616 3606 uai
626 3569 691 3619 sunt3
706 3576 793 3620 semper
795 3561 856 3618 maii.
867 3562 920 3608 Kar.
931 3562 1013 3617 dixere,
1023 3566 1049 3608 ut
1058 3567 1092 3608 eat
1098 3576 1118 3608 c.

254 3618 296 3685 18..
314 3616 373 3662 Nam
384 3617 444 3662 locun
460 3633 486 3663 ex
496 3619 569 3678 Epist.
581 3620 610 3665 ad
625 3620 690 3666 Fam.
701 3620 743 3674 Vl,
762 3623 795 3666 ll.
813 3636 878 3682 quem
890 3621 982 3668 Hotom.
998 3621 1070 3675 affert,
1085 3623 1121 3665 eet

255 3674 355 3731 vitiosus,
362 3674 393 3720 ibi
409 3688 437 3720 ue
446 3675 520 3722 editur
534 3677 648 3723 iamrecte
658 3693 679 3724 o.
690 3679 713 3725 d.
728 3678 755 3726 V.
765 3679 819 3726 Kal.
845 3680 905 3726 uda.
916 3685 992 3726 autem
1000 3679 1031 3724 R.
1043 3678 1080 3724 W.
1092 3678 1118 3725 B.

252 3733 315 3780 dunt.
327 3737 369 3778 etc.
413 3749 439 3779 ss.
451 3734 515 3781 multi
523 3735 606 3782 habent
614 3741 665 3784 crate
674 3738 734 3783 dion
741 3737 757 3783 1
758 3738 785 3784 V.
797 3739 849 3785 Kal.
860 3739 888 3785 F.

282 3812 304 3844 ³⁰
318 3813 376 3872 qnod
387 3812 433 3858 uici
442 3827 470 3858 eu
483 3812 564 3874 Poll]
595 3814 703 3862 Graevius
719 3831 733 3862 e
747 3816 844 3875 vestigiis
858 3817 966 3864 librorum
974 3813 1119 3874 conjiciebatr

250 3871 479 3930 mutuamur.
490 3874 915 3933 mgrwcitpoerorcireacme.dim'ttit
