2700 4675
237 600 290 644 ιιι
553 576 776 634 frumario.

236 733 323 810 isset,
340 735 366 796 si
390 756 429 797 eo
454 735 600 819 exemplo
623 735 700 798 satis
724 734 888 816 diligenter
909 753 986 797 usus
1011 750 1119 817 esset,

235 827 289 883 aut
319 822 450 883 alterum
474 821 620 885 volumen
650 821 822 884 habuisset.
869 818 1024 884 Ceterum
1049 828 1121 889 ani.

234 907 471 980 madvertimus,
506 907 538 969 in
571 908 725 971 nonnullis
768 906 969 982 orationibus,
1006 916 1043 970 ut
1084 913 1119 977 in

235 990 391 1065 Pisonem,
416 991 491 1051 nihil
516 994 677 1075 proprium
698 993 833 1056 habere:
866 991 949 1056 unde
975 990 1117 1079 intelligi

234 1096 329 1161 posse
346 1075 539 1149 arbitramur,
556 1095 624 1136 eam
639 1078 811 1139 orationem
826 1077 858 1140 in
874 1076 995 1140 Codice
1013 1078 1118 1145 Colo·

234 1163 319 1222 tiano
335 1182 396 1223 non
419 1160 528 1222 luisse.
575 1159 783 1223 Verrinarum
805 1163 984 1247 exemplum
1004 1185 1117 1249 nuper

233 1245 358 1307 demum
389 1246 569 1330 accepimus
596 1245 627 1307 in
652 1246 781 1308 Batavis
806 1254 941 1311 emtum:
976 1269 1038 1310 nec
1070 1272 1115 1316 ea

232 1330 321 1393 licuit
342 1332 431 1394 nobis
448 1331 631 1394 recensione
647 1332 692 1393 uti
708 1331 739 1395 in
755 1339 845 1394 textu
860 1341 967 1397 nostro
978 1336 1112 1400 concin-

231 1415 345 1480 nando.
392 1414 604 1500 Philippicas
631 1438 672 1479 ex
696 1417 807 1480 eadem
822 1418 945 1480 officina
960 1420 1110 1503 proditas

231 1523 293 1565 non
317 1504 439 1587 reperi:
473 1504 555 1565 unde
582 1503 657 1564 mihi
684 1503 795 1566 videor
820 1503 968 1585 colligere
993 1524 1108 1588 posse,

231 1588 377 1670 exempla
392 1588 544 1662 Romana,
560 1587 709 1649 Brixiana
729 1596 761 1650 et
777 1588 1025 1651 Mediolanensia
1039 1613 1107 1656 non

230 1671 377 1734 habuisse
393 1670 573 1754 dogalium
581 1694 595 1743 ,·
619 1672 825 1735 Verrinarum
847 1674 993 1759 exemplo
1008 1696 1105 1741 usum

230 1777 312 1831 esse,
329 1757 411 1818 sicut
422 1756 597 1823 orationum
621 1756 846 1833 universarum,
870 1760 998 1822 Veneto
1013 1757 1103 1825 Por·

230 1844 315 1918 lesit,
342 1850 395 1905 aut
421 1841 493 1905 inde
520 1842 628 1918 ducto,
658 1842 744 1925 quod
774 1844 855 1907 solas
872 1844 1025 1909 Verrinas
1046 1846 1102 1909 ad·

224 1928 353 2013 junctas
371 1929 511 1994 haberet.

272 2016 317 2080 Et
333 2016 411 2080 haec
424 2016 552 2102 quidem
568 2015 686 2104 primae
699 2020 788 2105 quasi
800 2022 910 2087 aetatis
927 2022 1023 2087 series
1035 2029 1097 2086 est.

229 2101 324 2165 Nova
340 2104 437 2166 series
462 2106 601 2168 nascitur
624 2107 664 2169 ab
681 2109 800 2173 Aldina
808 2111 950 2172 editione
966 2128 1100 2191 operum

229 2186 393 2250 Ciceronis
414 2190 514 2273 prima
537 2196 618 2252 1519
641 2213 712 2276 sqq.
732 2215 774 2257 err
795 2194 904 2256 Andr.
927 2190 1097 2271 Naugerii

227 2274 421 2350 recensione,
438 2274 479 2343 ‚de
500 2296 562 2358 qua
582 2276 612 2340 in
629 2278 811 2345 recensione
826 2296 956 2363 operum
971 2274 1094 2337 univer·

227 2378 331 2423 sorum
358 2361 479 2425 dictum
505 2370 564 2443 est.
611 2364 648 2428 ln
674 2364 863 2429 orationibus
890 2361 1016 2446 quidem
1031 2360 1094 2446 pri·

221 2465 310 2510 mum
325 2469 425 2514 novus
440 2448 518 2513 ordo
539 2449 692 2515 inductus
716 2459 766 2514 est
785 2449 825 2513 ad
848 2450 998 2513 rationem
1017 2454 1093 2511 lem·

224 2552 347 2618 porum,
361 2537 415 2621 qui
427 2537 499 2600 inde
516 2537 546 2602 in
557 2560 681 2615 omnes,
701 2558 782 2623 quae
805 2545 879 2623 post
892 2537 994 2599 factae
1010 2537 1090 2602 sunl,

220 2619 379 2684 editiones
405 2624 501 2683 venit.
541 2623 596 2701 vin
616 2631 731 2705 ,textu
747 2633 869 2698 autem,
891 2622 968 2698 vidi,
998 2616 1092 2683 multa

225 2702 433 2785 Naugerium
456 2702 647 2769 correxisse,
669 2704 765 2778 saepe
789 2725 808 2761 e
826 2707 853 2763 J
857 2707 972 2778 untina,
999 2705 1092 2766 inter·

219 2787 298 2848 -dum
318 2805 336 2846 e
352 2780 613 2848 Waldarferiana‚
628 2777 696 2835 sive
711 2779 781 2858 ejus
797 2781 901 2858 aliqua
914 2785 1090 2854 imitatrice,

223 2891 319 2954 saepe
349 2867 442 2930 etiam
464 2885 483 2924 e
510 2859 703 2942 conjectura,
734 2866 770 2920 ut
798 2859 829 2922 in
857 2860 924 2922 aliis
947 2862 1088 2945 partibus

218 2955 319 3017 lecit:
352 2952 471 3032 dequo
495 2948 527 3009 in
551 2945 734 3010 recensione
761 2952 794 3009 et
816 2965 947 3030 opernm
966 2944 1089 3007 univer-

219 3060 328 3102 sorum
344 3043 376 3098 et
391 3033 593 3096 oratoriorum
619 3033 768 3097 librorum
788 3033 982 3095 dictumest.
1029 3032 1089 3094 Ce-

224 3132 324 3187 terum
340 3122 418 3182 haec
434 3118 531 3182 editio
547 3118 640 3181 etiam
655 3118 892 3184 morationibus
907 3118 991 3183 basis
1006 3117 1091 3181 facta

224 3216 274 3271 est
298 3205 433 3268 onmium
450 3205 622 3268 editionum
645 3207 853 3288 sequentium.
870 3227 940 3269 nam
966 3205 992 3268 si
1019 3203 1089 3288 quis

223 3293 257 3355 id
269 3291 397 3355 editioni
409 3289 452 3353 P.
464 3289 614 3356 Maeotii
629 3292 715 3353 malit
728 3293 866 3356 tribuere
879 3314 888 3368 3
911 3312 949 3354 ea
963 3310 1089 3375 quoque

223 3377 313 3441 basin
336 3376 431 3439 habel
461 3378 639 3462 exemplum
674 3385 848 3462 paternum,
882 3397 985 3458 neque
1010 3376 1089 3437 adeo

222 3463 308 3527 aliud
324 3470 397 3547 post
420 3462 537 3526 factum
562 3471 622 3538 est,
646 3463 685 3524 ab
706 3462 826 3524 editore
844 3483 981 3545 quoque,
996 3482 1089 3545 quam

224 3556 395 3612 uttextum
411 3547 573 3624 Aldinum,
596 3569 655 3634 pro
681 3548 829 3611 facultate
851 3546 1009 3623 librorum,
1036 3553 1090 3608 aut

222 3633 337 3716 ingenii
367 3641 400 3696 et
425 3634 595 3709 doctrinae,
622 3633 864 3696 emendatiorem
887 3633 1018 3710 laceret,
1038 3631 1090 3694 vel

220 3719 415 3798 pleniorem:
453 3719 534 3783 unde
562 3719 593 3782 in
618 3720 760 3784 omnibus
784 3719 1000 3802 Naugerianae
1025 3719 1088 3782 lec·

222 3799 317 3869 tionis
331 3804 480 3891 reliquiae
495 3806 704 3892 reperiuntur.
