2700 4675
294 503 361 570 ³70
599 535 602 540 -
624 503 658 553 m
672 501 818 552 vennam

243 639 284 703 Π
336 643 458 706 Remad
474 639 628 708 Metellum
648 651 755 717 deiero,
772 666 820 707 me
847 648 959 705 tabulas
980 627 1168 720 perspexisse

250 817 253 822 Ι
295 744 447 813 sociorum,
460 748 492 804 in
506 750 552 804 his
567 750 671 805 tabulis
687 765 820 820 magnam
833 746 979 803 rationem
991 744 1027 803 G.
1038 742 1169 801 Verrutli

295 845 446 919 permultis
462 846 625 902 nominibus
638 863 717 913 esse,
738 863 840 918 meque
862 839 918 901 hcc
943 842 1108 916 perspicere
1130 858 1169 897 ex

296 945 449 999 consulum
464 943 661 1016 mensiumque
675 944 797 1010 ratione,
809 944 885 1000 hunc
895 941 1065 998 Verrutium
1075 958 1169 1011 neque

297 1046 366 1098 ante
386 1042 545 1097 adventum
567 1041 602 1097 C.
626 1041 739 1107 Verris,
762 1033 868 1114 neque'
881 1045 945 1120 post
967 1037 1170 1094 decessionem

297 1138 451 1211 quidquam
465 1154 531 1193 cum
547 1138 720 1211 Carpinatio
740 1138 861 1195 rationis
881 1136 1031 1193 habuisse
1045 1137 1170 1214 postulo,

298 1234 371 1292 milri
396 1237 576 1306 respondeat,
597 1236 645 1309 qui
668 1236 707 1293 sit
730 1236 786 1293 iste
811 1235 979 1293 Venutius:
1012 1211 1188 1298 mercator,-

298 1330 356 1388 'an
381 1332 552 1405 negotiator,
570 1350 611 1390 an
631 1339 735 1400 arator,
759 1350 798 1391 an
820 1332 987 1410 pecuarius:
1009 1329 1040 1385 in
1064 1328 1172 1385 Sicilia

300 1428 348 1495 sit,
361 1429 472 1500 anjam
485 1430 652 1488 decesserit.
695 1432 829 1489 Clamare
843 1446 943 1487 omnes
957 1445 997 1485 ex
1010 1430 1171 1492 conventu,

299 1526 448 1582 neminem
462 1544 595 1600 umquam
608 1546 646 1584 ex
662 1529 763 1585 Sicilia
779 1529 868 1584 luisse
888 1526 1065 1583 Verrulium.
1106 1525 1170 1595 Ego

299 1622 418 1688 instare,
432 1628 463 1678 ut
477 1624 548 1678 milri
558 1626 753 1695 responderet,
762 1625 824 1697 quis
835 1629 922 1689 esset,
933 1624 983 1679 ubi
997 1629 1080 1686 esset,
1091 1622 1167 1676 unde

299 1722 392 1776 esset:
413 1736 465 1775 cur
482 1716 603 1775 ⁷seruus
617 1720 843 1791 societatiaqui
867 1724 983 1777 talrulas
1003 1718 1170 1786 coniecerit,

301 1816 458 1889 semperin
470 1816 602 1874 Venutii
615 1817 742 1885 nomine,
762 1821 844 1875 certo
864 1835 903 1874 ex
928 1821 1003 1886 loeo,
1018 1818 1169 1875 mendosus

303 1919 391 1972 asel.
771 1920 773 1923 ’

344 2013 443 2085 Atque
456 2013 530 2069 haec
544 2014 733 2085 postulabam,
747 2030 804 2070 non
818 2031 875 2088 quo
895 2012 978 2071 illum
1001 2013 1069 2087 cogi
1093 2016 1170 2084 puta·

304 2125 366 2166 ram
379 2115 521 2181 oportere,
535 2115 567 2166 ut
581 2128 616 2166 ea
631 2110 703 2167 milri
717 2113 902 2183 responderet
921 2107 1047 2168 invitus:
1069 2112 1120 2166 sed
1141 2112 1173 2165 ut

305 2206 439 2262 omnibns
448 2206 531 2262 istius
541 2207 626 2273 furta,
639 2208 717 2264 illius
731 2208 879 2281 flagitium,
892 2208 1037 2281 utriusque
1046 2207 1182 2266 audacia.

305 2303 457 2379 perspicua
478 2321 543 2361 esse
563 2309 668 2378 posset
718 2306 820 2381 ltaque
846 2306 977 2364 illumin
1003 2306 1071 2376 jure
1094 2312 1173 2363 melu

305 2403 543 2477 conscientiaque
555 2404 669 2476 peccati
683 2386 800 2471 mulum,
815 2409 899 2478 atque
913 2404 1124 2469 exanimatum,
1139 2421 1176 2460 ac

307 2500 359 2575 vix
374 2502 477 2559 vivum
499 2501 647 2575 relinquo:
669 2504 781 2559 tabulas
803 2503 835 2559 in
857 2504 928 2569 loro,
950 2518 1060 2558 summa
1084 2500 1173 2556 homi-

306 2616 376 2656 num
389 2599 558 2673 frequentia,
571 2600 723 2656 exscribo:
744 2600 916 2656 adhibentur
929 2601 960 2657 in
979 2598 1172 2656 exscribendo

306 2697 344 2754 de
358 2705 506 2754 conventu
522 2698 577 2754 viri
593 2698 740 2771 primarii:
761 2698 885 2763 litterae,
896 2698 1054 2769 lituraeque
1075 2713 1175 2754 ornnes

306 2795 500 2863 assimulatae,
524 2815 688 2869 expressae,
711 2798 747 2853 de
772 2796 877 2852 tabulis
898 2795 929 2852 in
953 2795 1039 2852 libros
1055 2793 1172 2850 transle-

305 2898 414 2949 runtur.

347 2990 431 3047 Haec
444 2991 542 3047 omnia
556 3009 666 3049 summa
680 3010 748 3049 cura
762 2997 791 3048 et
805 2989 955 3063 diligentia
968 2987 1118 3059 recognita
1142 2991 1174 3047 et
1208 3053 1213 3060 ‚

306 3086 423 3147 collata,
437 3091 467 3139 et
481 3090 517 3141 ab
532 3088 695 3142 hominibus
710 3086 919 3144 honestissimis
932 3085 1082 3157 obsignata
1098 3089 1174 3141 sunl.

309 3176 343 3232 Si
357 3177 541 3248 Carpinatius
556 3185 615 3234 tum
629 3181 701 3235 milri
712 3187 885 3253 respondere
900 3182 1009 3238 noluit:
1032 3183 1174 3254 responde

336 3329 348 3362 ⁸
362 3343 392 3376 aa
401 3327 530 3390 negotromr]
547 3334 608 3376 recte
615 3330 714 3376 additum
724 3336 780 3379 este
791 3333 849 3381 Mas.
861 3335 934 3381 tribus
944 3334 1046 3394 antiquis.
1063 3349 1113 3379 nam
1123 3333 1178 3380 alias

307 3402 351 3435 non
361 3388 435 3435 omnia
446 3401 527 3456 genera
543 3388 654 3434 hominum
671 3396 745 3436 essent
760 3397 939 3448 commemorata,
957 3407 971 3436 a
988 3392 1067 3453 quibus
1085 3391 1177 3452 pecunia

307 3453 379 3494 sumta
397 3461 444 3492 esse
491 3450 573 3491 ttrrsset.
605 3448 663 3495 Edd.
681 3464 715 3509 pr.
732 3464 774 3511 pro
790 3452 911 3506 pecuarias
927 3450 1008 3497 vitiose
1022 3449 1174 3506 pecundum.

307 3505 367 3552 Tum
376 3521 416 3566 pro
427 3519 453 3550 ex
508 3506 540 3550 lia
551 3505 598 3551 Ms.
610 3513 675 3554 vetus
690 3508 789 3553 habebat
806 3508 840 3563 ia,
859 3515 928 3566 recte,
946 3513 972 3556 ut
988 3509 1074 3569 opinor.
1090 3523 1141 3554 nam
1152 3522 1179 3554 ec

306 3563 351 3609 Sic.
367 3561 483 3624 quidest?
498 3578 525 3608 an
533 3579 575 3622 pro
584 3564 669 3612 Siculus
685 3565 786 3614 dicitur?

336 3640 438 3686 isarnus
454 3641 575 3702 aridulis]
609 3644 788 3706 interpretantur
804 3644 936 3701 ministrum,
956 3649 982 3691 et
999 3645 1028 3690 de
1044 3643 1175 3705 Carpinatio

306 3695 440 3756 intelligunt.
458 3715 500 3746 non
517 3701 597 3761 placet.
636 3704 710 3749 intell'
760 3718 848 3750 servum
865 3704 989 3762 librarium,
1009 3704 1048 3769 qru‘
1065 3701 1178 3750 societatis

307 3760 373 3803 esset.
404 3756 544 3820 Carpinatius
553 3761 646 3811 amerit
759 3761 863 3812 librarius
876 3761 969 3830 scripsit-
