2700 4675
485 626 488 629 Α
594 572 774 628 ΒΝΙΝΔΤΙΟ.
1037 574 1099 634 159

220 717 381 776 commous
395 720 541 780 serviunt:
562 727 669 797 quanto
687 722 740 778 illa
752 736 841 778 caum
854 717 1013 784 honestior,
1025 733 1099 791 quse

222 833 282 872 non
296 817 393 874 solum*
403 819 560 889 probabilis
575 820 679 887 rideri,
694 820 747 876 sed
768 818 859 875 etiarn
873 821 956 892 grata
976 833 1039 873 esse
1053 816 1101 871 de·

224 914 285 980 bet,
300 916 382 971 nullo
403 915 541 987 privatim
569 922 693 990 soeepta
715 916 830 989 injuria,
850 915 994 973 sociorum
1015 919 1102 986 atque

227 1012 389 1072 amicorum
401 1014 502 1087 populi
523 1015 648 1074 Romani
667 1016 766 1080 dolore
786 1021 874 1091 alque
897 1013 1011 1088 injuriis
1025 1029 1104 1069 com·

228 1108 364 1170 moverit
384 1112 488 1186 Nuper
501 1130 566 1171 erun
589 1113 620 1172 in
642 1114 679 1179 Ρ,
693 1114 852 1172 Gabinium
866 1100 921 1171 ’vir'
932 1113 1104 1171 fortissimus

231 1214 263 1267 et
276 1210 537 1280 innocentissimus,
552 1214 586 1270 L.
602 1213 672 1271 Piso
692 1215 870 1272 delationem
892 1213 1017 1271 nominis
1040 1230 1103 1285 pos·

230 1310 343 1378 tutaret,
356 1316 385 1368 et
407 1316 509 1370 contra
524 1314 561 1385 Q.
578 1312 727 1372 Caecilius
753 1318 875 1387 peteret,
901 1312 982 1385 isque
1006 1330 1038 1368 se
1053 1329 1103 1367 ve·

228 1411 302 1469 teres
326 1409 497 1470 inimicitias
506 1412 572 1484 jam
595 1412 645 1469 diu
659 1418 810 1484 susceptas
824 1410 957 1484 persequi
970 1409 1102 1466 diecret:

228 1522 296 1565 cum
317 1510 472 1566 auctoritas
493 1516 523 1567 et
536 1510 664 1583 dignitas
679 1509 795 1567 Pisonis
810 1511 928 1565 valebat
942 1507 1106 1581 plurimum,

230 1611 291 1667 turn
309 1606 360 1665 illa
374 1613 436 1665 eret
450 1626 538 1665 causa
552 1609 724 1682 justissima,
738 1610 813 1683 qnod
837 1626 904 1665 eum
918 1607 973 1665 sibi
988 1604 1105 1664 Achaei

228 1708 382 1778 patronum
394 1708 574 1780 adoptarent.
616 1709 737 1766 Etenim
747 1726 814 1765 cum
827 1711 877 1765 lex
891 1707 954 1780 ipsa
967 1708 1004 1763 de
1019 1723 1105 1779 pecu·

229 1802 289 1860 niis
303 1806 467 1876 repetundis
494 1806 638 1877 sociorum
660 1812 747 1881 atque
761 1806 919 1864 amicornm
932 1806 1033 1879 populi
1048 1807 1105 1863 lto·

229 1896 312 1954 mani
330 1893 550 1970 31patronasit:
572 1900 704 1973 iniquum
716 1905 769 1966 est,
783 1917 842 1956 non
863 1917 930 1972 eum
946 1901 1020 1972 legis
1030 1899 1106 1971 judi·

232 1993 330 2067 ciique
343 2000 472 2051 actorem
483 1996 620 2054 idoneum
630 1996 758 2054 maxime
766 1997 870 2069 putari,
880 2015 965 2071 quern
979 2002 1108 2053 actorem

235 2093 343 2149 causae
357 2108 424 2149 suae
438 2092 521 2161 socii,
543 2094 780 2170 defensoremque
803 2094 980 2153 fortunarum
993 2112 1108 2152 suarum

233 2190 416 2265 potissimum
429 2210 493 2249 esse
508 2195 669 2252 voluerunt.
713 2195 773 2261 An,
793 2196 869 2269 quod
883 2195 921 2252 ad
934 2211 1108 2252 commemo-

232 2291 353 2348 randum
373 2296 418 2350 est
442 2292 600 2362 honestius,
624 2293 707 2352 idad
730 2296 908 2368 probandum
932 2312 991 2352 non
1015 2296 1107 2353 multo

232 2390 328 2447 uideri
337 2393 424 2449 debet
434 2391 574 2466 aequiust
588 2394 662 2450 Utra
676 2394 816 2467 igiturest
828 2393 1023 2465 splendidiora
1043 2400 1107 2450 utro

233 2488 372 2547 illustrior
384 2488 646 2548 commemoratio?
666 2492 805 2548 accusavi
818 2508 895 2556 enm,
908 2491 959 2546 cui
975 2497 1108 2564 quaestor

232 2587 354 2653 fueram,
368 2586 484 2659 quicum
495 2605 542 2643 me
556 2604 628 2653 sors,
639 2589 873 2660 consuetudoque
886 2588 1035 2659 majorum,
1049 2588 1107 2662 qui·

230 2702 300 2743 cum
321 2702 368 2741 me
382 2686 502 2742 deorrnn
514 2685 717 2759 hominumque
732 2686 875 2759 judicium
889 2684 1107 2759 conjunxerat?

233 2801 273 2864 an
288 2783 426 2841 accusavi
440 2790 539 2858 rogatu
554 2783 698 2842 sociorum
711 2791 796 2858 atque
810 2783 991 2843 amicorum?
1011 2787 1106 2842 delec-

234 2891 283 2941 tus
296 2901 359 2940 sum
370 2885 407 2938 ab
421 2883 556 2941 universa
575 2883 738 2956 provincia,
751 2883 800 2958 qui
814 2885 874 2955 ejus
889 2885 957 2956 jura
970 2885 1107 2941 fortunas·

233 3001 289 3058 que
303 2979 514 3041 defenderem?
536 2983 678 3041 Dubitare
692 2983 843 3057 quisquam
857 2988 962 3055 potest,
975 2981 1044 3056 quin
1057 2983 1106 3039 ho·

236 3082 346 3140 sestius
370 3081 417 3148 sit,
440 3099 539 3141 eorum
560 3100 658 3150 causa,
677 3084 754 3156 apud
772 3100 842 3156 quos
864 3089 997 3157 quaestor
1009 3081 1104 3151 tueris,

235 3198 321 3255 quam
343 3197 419 3248 eum,
445 3182 528 3254 cujus
554 3187 690 3256 quaestor
714 3181 812 3249 tueris,
839 3178 999 3239 accusare?
1039 3182 1104 3240 Gla·

237 3276 345 3334 rissimi
375 3277 431 3334 viri
460 3285 575 3337 nostrae
603 3280 746 3348 civitatis,
772 3281 946 3354 temporibus
979 3280 1104 3354 optimis,

266 3428 294 3498 3¹·
303 3443 369 3474 ceusu
376 3434 454 3484 parata
463 3430 510 3491 stt]
541 3430 600 3478 ndo.
605 3447 647 3537 ‘ff'
657 3437 752 3489 motu,
762 3433 829 3479 etiam
839 3449 880 3480 ser.
888 3434 948 3495 quod
958 3434 1053 3481 correxit
1063 3431 1104 3478 Al-

235 3491 404 3556 dmrnpomm
424 3489 460 3557 ·P.
472 3490 590 3538 Manutius
635 3491 669 3536 dit
684 3497 823 3548 camporum
837 3495 896 3553 quod
914 3499 948 3541 est
962 3508 1014 3539 sane
1028 3492 1104 3537 iubae

235 3551 347 3596 senteutra
355 3551 456 3592 usitatum
465 3567 469 3591 :
481 3551 519 3593 sed
527 3553 602 3594 tamen
612 3549 715 3595 dicuntur
724 3550 810 3605 classes,
817 3552 931 3609 exercitus,
938 3558 980 3599 etc.
993 3556 1018 3596 ut
1025 3549 1105 3594 instru-

234 3611 313 3655 menta
322 3604 452 3651 defensionis
466 3607 545 3667 parari.
576 3607 685 3654 Graevius
702 3608 832 3666 conjieIebat
847 3615 922 3667 rogato
937 3611 973 3656 rel
982 3611 1035 3662 loto,
1045 3606 1105 3666 quod

233 3665 300 3715 nimis
310 3680 324 3708 a
336 3664 425 3720 vulgata
444 3664 550 3726 sonptmu
559 3667 612 3713 ubit.
645 3666 765 3726 Singularis
779 3668 846 3717 lectio
859 3676 894 3715 est
903 3669 950 3715 Ms.
962 3667 1005 3714 Gu
1017 3681 1033 3710 s.
1041 3668 1104 3722 obsce

233 3726 360 3772 amorum
366 3738 388 3778 p.
396 3722 426 3770 R.
435 3728 528 3780 patrono
536 3725 571 3771 sit.
588 3725 728 3773 simillimum
737 3732 778 3785 est,
804 3729 848 3775 nod
858 3730 886 3773 de
896 3730 935 3773 Or.
949 3727 977 3779 ll¹
986 3726 1021 3769 tu.
1029 3735 1105 3776 provo·

233 3784 299 3840 scam
310 3781 356 3828 sive
366 3782 402 3829 lex
411 3785 440 3831 de
446 3783 609 3843 provocatione,
617 3789 712 3842 pulrorm
721 3787 816 3834 civimtm
824 3794 848 3835 et
861 3787 942 3832 vindex
950 3780 1061 3828 libertatis
1071 3779 1104 3832 di·

234 3841 299 3891 eitur.
331 3842 408 3907 Atque
417 3843 474 3888 haec
482 3842 550 3891 leeuo
559 3844 642 3909 optime
651 3845 760 3894 coosenfit
774 3838 1102 3903 mtoesdenubmetssquentt

235 3901 291 3955 br
306 3913 348 3954 m
355 3899 458 3952 orbius-t
465 3899 491 3950 ln
498 3905 583 3951 textus
592 3903 698 3966 κύμη.
