<?xml version="1.0" encoding="UTF-8"?>
<!DOCTYPE html PUBLIC "-//W3C//DTD XHTML 1.0 Transitional//EN"
    "http://www.w3.org/TR/xhtml1/DTD/xhtml1-transitional.dtd">
<html xmlns="http://www.w3.org/1999/xhtml" xml:lang="en" lang="en">
 <head>
  <title>
</title>
<meta http-equiv="Content-Type" content="text/html;charset=utf-8" />
  <meta name='ocr-system' content='tesseract 3.04.00' />
  <meta name='ocr-capabilities' content='ocr_page ocr_carea ocr_par ocr_line ocrx_word'/>
</head>
<body>
  <div class='ocr_page' id='page_1' title='image "./mtvlliiciceroni04cicegoog_0085.png"; bbox 0 0 2700 4675; ppageno 0'>
   <div class='ocr_carea' id='block_1_1' title="bbox 431 588 1101 655">
    <p class='ocr_par' dir='ltr' id='par_1_1' title="bbox 431 588 1101 655">
     <span class='ocr_line' id='line_1_1' title="bbox 431 588 1101 655; baseline -0.012 -13"><span class='ocrx_word' id='word_1_1' title='bbox 431 588 891 642; x_wconf 70' lang='lat' dir='ltr'>eaosnxnoscrosmnnrno.</span> <span class='ocrx_word' id='word_1_2' title='bbox 1063 596 1101 655; x_wconf 74' lang='lat'>⁶1</span> 
     </span>
    </p>
   </div>
   <div class='ocr_carea' id='block_1_2' title="bbox 221 733 1132 3070">
    <p class='ocr_par' dir='ltr' id='par_1_2' title="bbox 221 733 1132 3070">
     <span class='ocr_line' id='line_1_2' title="bbox 233 733 1105 813; baseline -0.007 -14"><span class='ocrx_word' id='word_1_3' title='bbox 233 745 289 808; x_wconf 88' lang='lat' dir='ltr'>tur,</span> <span class='ocrx_word' id='word_1_4' title='bbox 302 738 482 813; x_wconf 84' lang='lat' dir='ltr'>propulsetis.</span> <span class='ocrx_word' id='word_1_5' title='bbox 525 738 637 811; x_wconf 75' lang='lat' dir='ltr'>Quodsi</span> <span class='ocrx_word' id='word_1_6' title='bbox 651 742 701 795; x_wconf 88' lang='lat' dir='ltr'>aut</span> <span class='ocrx_word' id='word_1_7' title='bbox 714 754 802 795; x_wconf 86' lang='lat' dir='ltr'>causa</span> <span class='ocrx_word' id='word_1_8' title='bbox 815 733 955 801; x_wconf 88' lang='lat' dir='ltr'>criminis,</span> <span class='ocrx_word' id='word_1_9' title='bbox 973 738 1022 792; x_wconf 87' lang='lat' dir='ltr'>aut</span> <span class='ocrx_word' id='word_1_10' title='bbox 1035 735 1105 793; x_wconf 86' lang='lat' dir='ltr'>lacti</span> 
     </span>
     <span class='ocr_line' id='line_1_3' title="bbox 235 833 1106 912; baseline -0.008 -16"><span class='ocrx_word' id='word_1_11' title='bbox 235 838 373 912; x_wconf 86' lang='lat' dir='ltr'>suspicio,</span> <span class='ocrx_word' id='word_1_12' title='bbox 393 842 442 895; x_wconf 88' lang='lat' dir='ltr'>aut</span> <span class='ocrx_word' id='word_1_13' title='bbox 462 837 609 912; x_wconf 86' lang='lat' dir='ltr'>quaelibet</span> <span class='ocrx_word' id='word_1_14' title='bbox 622 836 747 910; x_wconf 87' lang='lat' dir='ltr'>denique</span> <span class='ocrx_word' id='word_1_15' title='bbox 766 836 816 891; x_wconf 88' lang='lat' dir='ltr'>vel</span> <span class='ocrx_word' id='word_1_16' title='bbox 829 833 950 890; x_wconf 87' lang='lat' dir='ltr'>minime</span> <span class='ocrx_word' id='word_1_17' title='bbox 963 850 1009 890; x_wconf 89' lang='lat' dir='ltr'>res</span> <span class='ocrx_word' id='word_1_18' title='bbox 1027 851 1106 906; x_wconf 88' lang='lat' dir='ltr'>repe-</span> 
     </span>
     <span class='ocr_line' id='line_1_4' title="bbox 234 931 1106 1009; baseline -0.007 -14"><span class='ocrx_word' id='word_1_19' title='bbox 234 938 334 1003; x_wconf 89' lang='lat' dir='ltr'>rietur,</span> <span class='ocrx_word' id='word_1_20' title='bbox 355 937 540 1009; x_wconf 89' lang='lat' dir='ltr'>quamobrem</span> <span class='ocrx_word' id='word_1_21' title='bbox 560 934 715 991; x_wconf 86' lang='lat' dir='ltr'>videantur</span> <span class='ocrx_word' id='word_1_22' title='bbox 735 932 780 990; x_wconf 89' lang='lat' dir='ltr'>illi</span> <span class='ocrx_word' id='word_1_23' title='bbox 801 931 935 989; x_wconf 91' lang='lat' dir='ltr'>nonnihil</span> <span class='ocrx_word' id='word_1_24' title='bbox 956 936 1055 989; x_wconf 84' lang='lat' dir='ltr'>tumen</span> <span class='ocrx_word' id='word_1_25' title='bbox 1073 932 1106 989; x_wconf 92' lang='lat' dir='ltr'>in</span> 
     </span>
     <span class='ocr_line' id='line_1_5' title="bbox 235 1031 1105 1105; baseline -0.002 -15"><span class='ocrx_word' id='word_1_26' title='bbox 235 1034 393 1092; x_wconf 80' lang='lat' dir='ltr'>deserendo</span> <span class='ocrx_word' id='word_1_27' title='bbox 420 1032 537 1089; x_wconf 90' lang='lat' dir='ltr'>nomine</span> <span class='ocrx_word' id='word_1_28' title='bbox 559 1032 661 1100; x_wconf 88' lang='lat' dir='ltr'>secuti,</span> <span class='ocrx_word' id='word_1_29' title='bbox 688 1037 832 1105; x_wconf 86' lang='lat' dir='ltr'>postremo</span> <span class='ocrx_word' id='word_1_30' title='bbox 853 1031 880 1088; x_wconf 84' lang='lat' dir='ltr'>si</span> <span class='ocrx_word' id='word_1_31' title='bbox 900 1036 1015 1104; x_wconf 88' lang='lat' dir='ltr'>praeter</span> <span class='ocrx_word' id='word_1_32' title='bbox 1039 1046 1105 1088; x_wconf 84' lang='lat' dir='ltr'>eam</span> 
     </span>
     <span class='ocr_line' id='line_1_6' title="bbox 234 1130 1105 1207; baseline -0.001 -19"><span class='ocrx_word' id='word_1_33' title='bbox 234 1132 381 1207; x_wconf 81' lang='lat' dir='ltr'>praedam,</span> <span class='ocrx_word' id='word_1_34' title='bbox 399 1148 485 1205; x_wconf 87' lang='lat' dir='ltr'>qnam</span> <span class='ocrx_word' id='word_1_35' title='bbox 505 1130 576 1199; x_wconf 83' lang='lat' dir='ltr'>dixi,</span> <span class='ocrx_word' id='word_1_36' title='bbox 596 1131 750 1206; x_wconf 78' lang='lat' dir='ltr'><strong>quidquam</strong></span> <span class='ocrx_word' id='word_1_37' title='bbox 766 1130 844 1188; x_wconf 86' lang='lat' dir='ltr'>aliud</span> <span class='ocrx_word' id='word_1_38' title='bbox 864 1147 969 1188; x_wconf 87' lang='lat' dir='ltr'>causae</span> <span class='ocrx_word' id='word_1_39' title='bbox 983 1131 1105 1190; x_wconf 89' lang='lat' dir='ltr'>invene·</span> 
     </span>
     <span class='ocr_line' id='line_1_7' title="bbox 235 1229 1106 1304; baseline -0.003 -15"><span class='ocrx_word' id='word_1_40' title='bbox 235 1229 316 1298; x_wconf 82' lang='lat' dir='ltr'>ritis3</span> <span class='ocrx_word' id='word_1_41' title='bbox 335 1247 394 1287; x_wconf 91' lang='lat' dir='ltr'>non</span> <span class='ocrx_word' id='word_1_42' title='bbox 408 1245 580 1298; x_wconf 79' lang='lat' dir='ltr'><strong>recusamus,</strong></span> <span class='ocrx_word' id='word_1_43' title='bbox 599 1229 668 1304; x_wconf 89' lang='lat' dir='ltr'>quin</span> <span class='ocrx_word' id='word_1_44' title='bbox 682 1229 797 1288; x_wconf 88' lang='lat' dir='ltr'>illorum</span> <span class='ocrx_word' id='word_1_45' title='bbox 815 1229 930 1287; x_wconf 87' lang='lat' dir='ltr'>libidini</span> <span class='ocrx_word' id='word_1_46' title='bbox 946 1231 1018 1287; x_wconf 82' lang='lat' dir='ltr'>Sex.</span> <span class='ocrx_word' id='word_1_47' title='bbox 1033 1229 1106 1287; x_wconf 86' lang='lat' dir='ltr'>Ros·</span> 
     </span>
     <span class='ocr_line' id='line_1_8' title="bbox 234 1327 1104 1403; baseline 0 -18"><span class='ocrx_word' id='word_1_48' title='bbox 234 1328 276 1386; x_wconf 89' lang='lat' dir='ltr'>cii</span> <span class='ocrx_word' id='word_1_49' title='bbox 290 1328 352 1385; x_wconf 86' lang='lat' dir='ltr'>vitu</span> <span class='ocrx_word' id='word_1_50' title='bbox 364 1328 493 1385; x_wconf 85' lang='lat' dir='ltr'>dedatur.</span> <span class='ocrx_word' id='word_1_51' title='bbox 514 1328 560 1385; x_wconf 90' lang='lat' dir='ltr'>sin</span> <span class='ocrx_word' id='word_1_52' title='bbox 579 1327 657 1386; x_wconf 86' lang='lat' dir='ltr'>aliud</span> <span class='ocrx_word' id='word_1_53' title='bbox 671 1328 766 1403; x_wconf 77' lang='lat' dir='ltr'>agitur</span> <span class='ocrx_word' id='word_1_54' title='bbox 786 1328 871 1396; x_wconf 88' lang='lat' dir='ltr'>nihil,</span> <span class='ocrx_word' id='word_1_55' title='bbox 884 1328 950 1395; x_wconf 89' lang='lat' dir='ltr'>nisi,</span> <span class='ocrx_word' id='word_1_56' title='bbox 970 1331 1003 1385; x_wconf 91' lang='lat' dir='ltr'>ut</span> <span class='ocrx_word' id='word_1_57' title='bbox 1016 1328 1052 1385; x_wconf 90' lang='lat' dir='ltr'>iis</span> <span class='ocrx_word' id='word_1_58' title='bbox 1065 1345 1104 1385; x_wconf 83' lang='lat' dir='ltr'>ne</span> 
     </span>
     <span class='ocr_line' id='line_1_9' title="bbox 234 1425 1104 1503; baseline -0.001 -19"><span class='ocrx_word' id='word_1_59' title='bbox 234 1425 303 1503; x_wconf 91' lang='lat' dir='ltr'>quid</span> <span class='ocrx_word' id='word_1_60' title='bbox 316 1426 401 1495; x_wconf 91' lang='lat' dir='ltr'>desit,</span> <span class='ocrx_word' id='word_1_61' title='bbox 423 1426 525 1501; x_wconf 89' lang='lat' dir='ltr'>quibus</span> <span class='ocrx_word' id='word_1_62' title='bbox 545 1426 616 1482; x_wconf 84' lang='lat' dir='ltr'>sotis</span> <span class='ocrx_word' id='word_1_63' title='bbox 638 1426 712 1484; x_wconf 85' lang='lat' dir='ltr'>nihil</span> <span class='ocrx_word' id='word_1_64' title='bbox 731 1430 793 1495; x_wconf 81' lang='lat' dir='ltr'>est3</span> <span class='ocrx_word' id='word_1_65' title='bbox 817 1425 844 1481; x_wconf 90' lang='lat' dir='ltr'>si</span> <span class='ocrx_word' id='word_1_66' title='bbox 861 1426 917 1481; x_wconf 93' lang='lat' dir='ltr'>hoc</span> <span class='ocrx_word' id='word_1_67' title='bbox 938 1427 1031 1483; x_wconf 91' lang='lat' dir='ltr'>solum</span> <span class='ocrx_word' id='word_1_68' title='bbox 1047 1427 1104 1483; x_wconf 92' lang='lat' dir='ltr'>boc</span> 
     </span>
     <span class='ocr_line' id='line_1_10' title="bbox 232 1524 1105 1599; baseline -0.001 -17"><span class='ocrx_word' id='word_1_69' title='bbox 232 1531 363 1599; x_wconf 85' lang='lat' dir='ltr'>tempore</span> <span class='ocrx_word' id='word_1_70' title='bbox 376 1529 528 1598; x_wconf 79' lang='lat' dir='ltr'>pugnatur,</span> <span class='ocrx_word' id='word_1_71' title='bbox 540 1530 574 1581; x_wconf 92' lang='lat' dir='ltr'>ut</span> <span class='ocrx_word' id='word_1_72' title='bbox 587 1525 623 1580; x_wconf 82' lang='lat' dir='ltr'>nd</span> <span class='ocrx_word' id='word_1_73' title='bbox 637 1524 718 1581; x_wconf 90' lang='lat' dir='ltr'>illam</span> <span class='ocrx_word' id='word_1_74' title='bbox 731 1524 858 1597; x_wconf 85' lang='lat' dir='ltr'>opimum</span> <span class='ocrx_word' id='word_1_75' title='bbox 871 1525 1105 1598; x_wconf 84' lang='lat' dir='ltr'>praeclaramque</span> 
     </span>
     <span class='ocr_line' id='line_1_11' title="bbox 232 1605 1104 1698; baseline -0.002 -17"><span class='ocrx_word' id='word_1_76' title='bbox 232 1624 370 1698; x_wconf 80' lang='lat' dir='ltr'><strong>praedam</strong></span> <span class='ocrx_word' id='word_1_77' title='bbox 384 1605 532 1680; x_wconf 86' lang='lat' dir='ltr'>damnatio</span> <span class='ocrx_word' id='word_1_78' title='bbox 548 1624 619 1680; x_wconf 82' lang='lat' dir='ltr'>Sex.</span> <span class='ocrx_word' id='word_1_79' title='bbox 635 1622 746 1691; x_wconf 83' lang='lat' dir='ltr'>Roscii,</span> <span class='ocrx_word' id='word_1_80' title='bbox 759 1624 842 1680; x_wconf 88' lang='lat' dir='ltr'>velut</span> <span class='ocrx_word' id='word_1_81' title='bbox 861 1624 1000 1691; x_wconf 88' lang='lat' dir='ltr'>cumulus,</span> <span class='ocrx_word' id='word_1_82' title='bbox 1021 1639 1104 1680; x_wconf 85' lang='lat' dir='ltr'>acce·</span> 
     </span>
     <span class='ocr_line' id='line_1_12' title="bbox 232 1721 1103 1797; baseline -0.001 -17"><span class='ocrx_word' id='word_1_83' title='bbox 232 1724 299 1781; x_wconf 90' lang='lat' dir='ltr'>dat:</span> <span class='ocrx_word' id='word_1_84' title='bbox 312 1739 410 1780; x_wconf 91' lang='lat' dir='ltr'>nonne</span> <span class='ocrx_word' id='word_1_85' title='bbox 423 1740 502 1780; x_wconf 87' lang='lat' dir='ltr'>cum·</span> <span class='ocrx_word' id='word_1_86' title='bbox 512 1724 602 1779; x_wconf 86' lang='lat' dir='ltr'>multa</span> <span class='ocrx_word' id='word_1_87' title='bbox 612 1721 742 1797; x_wconf 82' lang='lat' dir='ltr'>indigna,</span> <span class='ocrx_word' id='word_1_88' title='bbox 756 1726 817 1779; x_wconf 90' lang='lat' dir='ltr'>turn</span> <span class='ocrx_word' id='word_1_89' title='bbox 830 1724 880 1779; x_wconf 86' lang='lat' dir='ltr'>vel</span> <span class='ocrx_word' id='word_1_90' title='bbox 894 1723 950 1779; x_wconf 92' lang='lat' dir='ltr'>hoc</span> <span class='ocrx_word' id='word_1_91' title='bbox 964 1721 1103 1796; x_wconf 83' lang='lat' dir='ltr'>indignis·</span> 
     </span>
     <span class='ocr_line' id='line_1_13' title="bbox 232 1819 1103 1895; baseline 0.001 -18"><span class='ocrx_word' id='word_1_92' title='bbox 232 1819 337 1880; x_wconf 89' lang='lat' dir='ltr'>simum</span> <span class='ocrx_word' id='word_1_93' title='bbox 350 1826 403 1887; x_wconf 81' lang='lat' dir='ltr'>est,</span> <span class='ocrx_word' id='word_1_94' title='bbox 421 1837 474 1877; x_wconf 89' lang='lat' dir='ltr'>vos</span> <span class='ocrx_word' id='word_1_95' title='bbox 494 1821 615 1878; x_wconf 84' lang='lat' dir='ltr'>idoneos</span> <span class='ocrx_word' id='word_1_96' title='bbox 635 1821 758 1888; x_wconf 85' lang='lat' dir='ltr'>habitos,</span> <span class='ocrx_word' id='word_1_97' title='bbox 777 1839 828 1894; x_wconf 80' lang='lat' dir='ltr'>per</span> <span class='ocrx_word' id='word_1_98' title='bbox 849 1838 967 1895; x_wconf 91' lang='lat' dir='ltr'>quorum</span> <span class='ocrx_word' id='word_1_99' title='bbox 988 1827 1103 1878; x_wconf 89' lang='lat' dir='ltr'>senten·</span> 
     </span>
     <span class='ocr_line' id='line_1_14' title="bbox 231 1916 1103 1992; baseline 0.001 -19"><span class='ocrx_word' id='word_1_100' title='bbox 231 1917 290 1974; x_wconf 84' lang='lat' dir='ltr'>tias</span> <span class='ocrx_word' id='word_1_101' title='bbox 298 1919 402 1991; x_wconf 79' lang='lat' dir='ltr'>J&#39;usqne</span> <span class='ocrx_word' id='word_1_102' title='bbox 410 1918 567 1989; x_wconf 87' lang='lat' dir='ltr'>jurandum</span> <span class='ocrx_word' id='word_1_103' title='bbox 585 1918 615 1974; x_wconf 92' lang='lat' dir='ltr'>id</span> <span class='ocrx_word' id='word_1_104' title='bbox 629 1923 824 1991; x_wconf 79' lang='lat' dir='ltr'>assequantur,</span> <span class='ocrx_word' id='word_1_105' title='bbox 836 1916 847 1949; x_wconf 84' lang='lat'>⁴</span> <span class='ocrx_word' id='word_1_106' title='bbox 857 1920 933 1992; x_wconf 85' lang='lat' dir='ltr'>qnod</span> <span class='ocrx_word' id='word_1_107' title='bbox 946 1924 1034 1974; x_wconf 89' lang='lat' dir='ltr'>antea</span> <span class='ocrx_word' id='word_1_108' title='bbox 1046 1918 1103 1991; x_wconf 89' lang='lat' dir='ltr'>ipsi</span> 
     </span>
     <span class='ocr_line' id='line_1_15' title="bbox 221 2012 1101 2089; baseline 0.001 -18"><span class='ocrx_word' id='word_1_109' title='bbox 221 2016 345 2080; x_wconf 75' lang='lat' dir='ltr'>⁴scelere</span> <span class='ocrx_word' id='word_1_110' title='bbox 360 2019 390 2069; x_wconf 88' lang='lat' dir='ltr'>et</span> <span class='ocrx_word' id='word_1_111' title='bbox 402 2012 476 2070; x_wconf 79' lang='lat' dir='ltr'>terro</span> <span class='ocrx_word' id='word_1_112' title='bbox 489 2013 603 2088; x_wconf 79' lang='lat' dir='ltr'>assequi</span> <span class='ocrx_word' id='word_1_113' title='bbox 616 2012 810 2071; x_wconf 85' lang='lat' dir='ltr'>consuerant?</span> <span class='ocrx_word' id='word_1_114' title='bbox 823 2015 921 2089; x_wconf 86' lang='lat' dir='ltr'>quiex</span> <span class='ocrx_word' id='word_1_115' title='bbox 934 2015 1057 2071; x_wconf 88' lang='lat' dir='ltr'>civitate</span> <span class='ocrx_word' id='word_1_116' title='bbox 1070 2017 1101 2073; x_wconf 90' lang='lat' dir='ltr'>in</span> 
     </span>
     <span class='ocr_line' id='line_1_16' title="bbox 232 2093 1102 2184; baseline 0.003 -16"><span class='ocrx_word' id='word_1_117' title='bbox 232 2115 365 2168; x_wconf 90' lang='lat' dir='ltr'>senatum</span> <span class='ocrx_word' id='word_1_118' title='bbox 385 2115 499 2183; x_wconf 82' lang='lat' dir='ltr'>propter</span> <span class='ocrx_word' id='word_1_119' title='bbox 511 2093 693 2184; x_wconf 81' lang='lat' dir='ltr'>dignitatem,</span> <span class='ocrx_word' id='word_1_120' title='bbox 712 2110 771 2169; x_wconf 68' lang='lat' dir='ltr'>‘ex</span> <span class='ocrx_word' id='word_1_121' title='bbox 785 2117 887 2169; x_wconf 87' lang='lat' dir='ltr'>senatu</span> <span class='ocrx_word' id='word_1_122' title='bbox 907 2112 939 2169; x_wconf 94' lang='lat' dir='ltr'>in</span> <span class='ocrx_word' id='word_1_123' title='bbox 960 2113 1016 2169; x_wconf 94' lang='lat' dir='ltr'>boc</span> <span class='ocrx_word' id='word_1_124' title='bbox 1033 2130 1102 2171; x_wconf 92' lang='lat' dir='ltr'>con-</span> 
     </span>
     <span class='ocr_line' id='line_1_17' title="bbox 230 2208 1100 2283; baseline 0.003 -16"><span class='ocrx_word' id='word_1_125' title='bbox 230 2208 328 2268; x_wconf 89' lang='lat' dir='ltr'>silium</span> <span class='ocrx_word' id='word_1_126' title='bbox 348 2209 457 2267; x_wconf 87' lang='lat' dir='ltr'>delecti</span> <span class='ocrx_word' id='word_1_127' title='bbox 476 2209 547 2266; x_wconf 87' lang='lat' dir='ltr'>estis</span> <span class='ocrx_word' id='word_1_128' title='bbox 571 2215 687 2283; x_wconf 80' lang='lat' dir='ltr'>propter</span> <span class='ocrx_word' id='word_1_129' title='bbox 705 2210 900 2280; x_wconf 84' lang='lat' dir='ltr'>severitatem,</span> <span class='ocrx_word' id='word_1_130' title='bbox 920 2213 958 2269; x_wconf 85' lang='lat' dir='ltr'>ab</span> <span class='ocrx_word' id='word_1_131' title='bbox 978 2212 1023 2269; x_wconf 89' lang='lat' dir='ltr'>his</span> <span class='ocrx_word' id='word_1_132' title='bbox 1043 2213 1100 2271; x_wconf 93' lang='lat' dir='ltr'>hoc</span> 
     </span>
     <span class='ocr_line' id='line_1_18' title="bbox 228 2307 1099 2386; baseline 0.003 -20"><span class='ocrx_word' id='word_1_133' title='bbox 228 2309 373 2384; x_wconf 85' lang='lat' dir='ltr'>postulare</span> <span class='ocrx_word' id='word_1_134' title='bbox 400 2307 532 2367; x_wconf 87' lang='lat' dir='ltr'>homines</span> <span class='ocrx_word' id='word_1_135' title='bbox 559 2308 677 2367; x_wconf 87' lang='lat' dir='ltr'>sicarios</span> <span class='ocrx_word' id='word_1_136' title='bbox 705 2315 790 2386; x_wconf 90' lang='lat' dir='ltr'>atque</span> <span class='ocrx_word' id='word_1_137' title='bbox 822 2311 1006 2385; x_wconf 80' lang='lat' dir='ltr'>gladiatores,</span> <span class='ocrx_word' id='word_1_138' title='bbox 1039 2329 1099 2370; x_wconf 93' lang='lat' dir='ltr'>non</span> 
     </span>
     <span class='ocr_line' id='line_1_19' title="bbox 229 2408 1099 2482; baseline 0.003 -17"><span class='ocrx_word' id='word_1_139' title='bbox 229 2409 317 2466; x_wconf 91' lang='lat' dir='ltr'>modo</span> <span class='ocrx_word' id='word_1_140' title='bbox 334 2413 366 2464; x_wconf 91' lang='lat' dir='ltr'>ut</span> <span class='ocrx_word' id='word_1_141' title='bbox 384 2408 525 2481; x_wconf 84' lang='lat' dir='ltr'>supplicia</span> <span class='ocrx_word' id='word_1_142' title='bbox 540 2409 644 2477; x_wconf 88' lang='lat' dir='ltr'>vitent,</span> <span class='ocrx_word' id='word_1_143' title='bbox 660 2427 739 2482; x_wconf 90' lang='lat' dir='ltr'>quae·</span> <span class='ocrx_word' id='word_1_144' title='bbox 756 2411 870 2466; x_wconf 84' lang='lat' dir='ltr'>avobis</span> <span class='ocrx_word' id='word_1_145' title='bbox 884 2427 935 2480; x_wconf 87' lang='lat' dir='ltr'>pro</span> <span class='ocrx_word' id='word_1_146' title='bbox 948 2410 1099 2468; x_wconf 83' lang='lat' dir='ltr'>maleficiis</span> 
     </span>
     <span class='ocr_line' id='line_1_20' title="bbox 228 2505 1115 2577; baseline 0.002 -14"><span class='ocrx_word' id='word_1_147' title='bbox 228 2506 288 2563; x_wconf 85' lang='lat' dir='ltr'>suis</span> <span class='ocrx_word' id='word_1_148' title='bbox 309 2509 436 2562; x_wconf 88' lang='lat' dir='ltr'>metuere</span> <span class='ocrx_word' id='word_1_149' title='bbox 457 2510 543 2577; x_wconf 87' lang='lat' dir='ltr'>atque</span> <span class='ocrx_word' id='word_1_150' title='bbox 564 2505 679 2560; x_wconf 87' lang='lat' dir='ltr'>horrere</span> <span class='ocrx_word' id='word_1_151' title='bbox 698 2507 816 2571; x_wconf 87' lang='lat' dir='ltr'>debent,</span> <span class='ocrx_word' id='word_1_152' title='bbox 838 2506 1048 2564; x_wconf 84' lang='lat' dir='ltr'>verumetiam</span> <span class='ocrx_word' id='word_1_153' title='bbox 1067 2513 1115 2565; x_wconf 84' lang='lat' dir='ltr'>ut·</span> 
     </span>
     <span class='ocr_line' id='line_1_21' title="bbox 229 2600 1099 2679; baseline 0.002 -19"><span class='ocrx_word' id='word_1_154' title='bbox 229 2602 329 2676; x_wconf 86' lang='lat' dir='ltr'>spoliis</span> <span class='ocrx_word' id='word_1_155' title='bbox 351 2600 458 2658; x_wconf 73' lang='lat' dir='ltr'>⁰Senti</span> <span class='ocrx_word' id='word_1_156' title='bbox 479 2600 581 2657; x_wconf 78' lang='lat' dir='ltr'>Roscii</span> <span class='ocrx_word' id='word_1_157' title='bbox 601 2618 639 2656; x_wconf 88' lang='lat' dir='ltr'>ex</span> <span class='ocrx_word' id='word_1_158' title='bbox 658 2602 716 2658; x_wconf 92' lang='lat' dir='ltr'>hoc</span> <span class='ocrx_word' id='word_1_159' title='bbox 731 2602 845 2676; x_wconf 75' lang='lat' dir='ltr'>Judicio</span> <span class='ocrx_word' id='word_1_160' title='bbox 858 2603 953 2663; x_wconf 87' lang='lat' dir='ltr'>ornati</span> <span class='ocrx_word' id='word_1_161' title='bbox 966 2605 1099 2679; x_wconf 87' lang='lat' dir='ltr'>auctique</span> 
     </span>
     <span class='ocr_line' id='line_1_22' title="bbox 229 2695 1129 2785; baseline 0.003 -26"><span class='ocrx_word' id='word_1_162' title='bbox 229 2695 406 2759; x_wconf 82' lang='lat' dir='ltr'>discedant?</span> <span class='ocrx_word' id='word_1_163' title='bbox 429 2697 483 2755; x_wconf 88' lang='lat' dir='ltr'>His</span> <span class='ocrx_word' id='word_1_164' title='bbox 497 2699 534 2754; x_wconf 87' lang='lat' dir='ltr'>de</span> <span class='ocrx_word' id='word_1_165' title='bbox 547 2699 630 2755; x_wconf 86' lang='lat' dir='ltr'>rebus</span> <span class='ocrx_word' id='word_1_166' title='bbox 645 2699 734 2756; x_wconf 87' lang='lat' dir='ltr'>tantis</span> <span class='ocrx_word' id='word_1_167' title='bbox 754 2705 869 2775; x_wconf 87' lang='lat' dir='ltr'>tamque</span> <span class='ocrx_word' id='word_1_168' title='bbox 883 2702 1036 2771; x_wconf 85' lang='lat' dir='ltr'>atrocibus,</span> <span class='ocrx_word' id='word_1_169' title='bbox 1049 2723 1129 2785; x_wconf 64' lang='lat' dir='ltr'>ne-,q</span> 
     </span>
     <span class='ocr_line' id='line_1_23' title="bbox 228 2797 1132 2875; baseline 0.006 -19"><span class='ocrx_word' id='word_1_170' title='bbox 228 2815 284 2874; x_wconf 83' lang='lat' dir='ltr'>que</span> <span class='ocrx_word' id='word_1_171' title='bbox 305 2797 374 2854; x_wconf 83' lang='lat' dir='ltr'>satis</span> <span class='ocrx_word' id='word_1_172' title='bbox 395 2813 442 2854; x_wconf 89' lang='lat' dir='ltr'>me</span> <span class='ocrx_word' id='word_1_173' title='bbox 468 2797 619 2857; x_wconf 87' lang='lat' dir='ltr'>commode</span> <span class='ocrx_word' id='word_1_174' title='bbox 643 2797 750 2866; x_wconf 88' lang='lat' dir='ltr'>dicere,</span> <span class='ocrx_word' id='word_1_175' title='bbox 772 2817 865 2874; x_wconf 87' lang='lat' dir='ltr'>neque</span> <span class='ocrx_word' id='word_1_176' title='bbox 882 2801 952 2858; x_wconf 88' lang='lat' dir='ltr'>satis</span> <span class='ocrx_word' id='word_1_177' title='bbox 969 2803 1098 2875; x_wconf 83' lang='lat' dir='ltr'>graviter</span> <span class='ocrx_word' id='word_1_178' title='bbox 1128 2863 1132 2871; x_wconf 72' lang='grc'><em>,</em></span> 
     </span>
     <span class='ocr_line' id='line_1_24' title="bbox 226 2895 1094 2976; baseline 0.003 -21"><span class='ocrx_word' id='word_1_179' title='bbox 226 2896 374 2971; x_wconf 88' lang='lat' dir='ltr'>conqueri,</span> <span class='ocrx_word' id='word_1_180' title='bbox 388 2912 482 2970; x_wconf 89' lang='lat' dir='ltr'>neque</span> <span class='ocrx_word' id='word_1_181' title='bbox 501 2895 571 2952; x_wconf 88' lang='lat' dir='ltr'>satis</span> <span class='ocrx_word' id='word_1_182' title='bbox 585 2896 676 2953; x_wconf 88' lang='lat' dir='ltr'>libere</span> <span class='ocrx_word' id='word_1_183' title='bbox 691 2897 845 2955; x_wconf 75' lang='lat' dir='ltr'>vociferari</span> <span class='ocrx_word' id='word_1_184' title='bbox 857 2917 939 2972; x_wconf 84' lang='lat' dir='ltr'>posse</span> <span class='ocrx_word' id='word_1_185' title='bbox 953 2900 1094 2976; x_wconf 84' lang='lat' dir='ltr'>intelligo.</span> 
     </span>
     <span class='ocr_line' id='line_1_25' title="bbox 227 2993 1096 3070; baseline 0.003 -16"><span class='ocrx_word' id='word_1_186' title='bbox 227 2996 307 3054; x_wconf 90' lang='lat' dir='ltr'>Nam</span> <span class='ocrx_word' id='word_1_187' title='bbox 321 2994 521 3052; x_wconf 87' lang='lat' dir='ltr'>commoditati</span> <span class='ocrx_word' id='word_1_188' title='bbox 534 2993 694 3068; x_wconf 83' lang='lat' dir='ltr'>ingenium,</span> <span class='ocrx_word' id='word_1_189' title='bbox 707 2995 846 3070; x_wconf 87' lang='lat' dir='ltr'>gravitati</span> <span class='ocrx_word' id='word_1_190' title='bbox 867 3002 957 3065; x_wconf 86' lang='lat' dir='ltr'>aetus,</span> <span class='ocrx_word' id='word_1_191' title='bbox 969 2998 1096 3057; x_wconf 84' lang='lat' dir='ltr'>libertati</span> 
     </span>
    </p>
   </div>
   <div class='ocr_carea' id='block_1_3' title="bbox 226 3149 1093 3262">
    <p class='ocr_par' dir='ltr' id='par_1_3' title="bbox 226 3149 1093 3262">
     <span class='ocr_line' id='line_1_26' title="bbox 239 3149 1093 3218; baseline 0.022 -36"><span class='ocrx_word' id='word_1_192' title='bbox 239 3150 265 3201; x_wconf 38' lang='lat' dir='ltr'>,s</span> <span class='ocrx_word' id='word_1_193' title='bbox 279 3149 337 3209; x_wconf 63' lang='grc' dir='ltr'>φωα</span> <span class='ocrx_word' id='word_1_194' title='bbox 348 3153 432 3218; x_wconf 44' lang='grc' dir='ltr'>Μ..</span> <span class='ocrx_word' id='word_1_195' title='bbox 439 3173 451 3218; x_wconf 87' lang='lat'>&#39;.</span> <span class='ocrx_word' id='word_1_196' title='bbox 458 3149 608 3218; x_wconf 61' lang='lat' dir='ltr'>morarum]</span> <span class='ocrx_word' id='word_1_197' title='bbox 634 3149 716 3210; x_wconf 82' lang='lat' dir='ltr'>Scripsi</span> <span class='ocrx_word' id='word_1_198' title='bbox 726 3155 862 3208; x_wconf 71' lang='lat' dir='ltr'>moruerunt,</span> <span class='ocrx_word' id='word_1_199' title='bbox 879 3152 939 3212; x_wconf 88' lang='lat' dir='ltr'>qnod</span> <span class='ocrx_word' id='word_1_200' title='bbox 948 3153 1093 3201; x_wconf 85' lang='lat' dir='ltr'>necessarium</span> 
     </span>
     <span class='ocr_line' id='line_1_27' title="bbox 226 3210 563 3262; baseline 0.006 -12"><span class='ocrx_word' id='word_1_201' title='bbox 226 3221 282 3262; x_wconf 71' lang='lat' dir='ltr'>esse,</span> <span class='ocrx_word' id='word_1_202' title='bbox 292 3222 367 3254; x_wconf 87' lang='lat' dir='ltr'>omnes</span> <span class='ocrx_word' id='word_1_203' title='bbox 373 3210 452 3254; x_wconf 79' lang='lat' dir='ltr'>monn</span> <span class='ocrx_word' id='word_1_204' title='bbox 460 3210 563 3255; x_wconf 77' lang='lat' dir='ltr'>sentient.</span> 
     </span>
    </p>
   </div>
   <div class='ocr_carea' id='block_1_4' title="bbox 222 3285 1094 3681">
    <p class='ocr_par' dir='ltr' id='par_1_4' title="bbox 222 3285 1094 3681">
     <span class='ocr_line' id='line_1_28' title="bbox 256 3285 1093 3352; baseline 0.013 -23"><span class='ocrx_word' id='word_1_205' title='bbox 256 3285 309 3352; x_wconf 63' lang='grc' dir='ltr'>ὅσας</span> <span class='ocrx_word' id='word_1_206' title='bbox 320 3289 397 3331; x_wconf 81' lang='lat' dir='ltr'>renutu</span> <span class='ocrx_word' id='word_1_207' title='bbox 409 3285 437 3330; x_wconf 82' lang='lat' dir='ltr'>in</span> <span class='ocrx_word' id='word_1_208' title='bbox 450 3285 488 3330; x_wconf 78' lang='lat' dir='ltr'>hoc</span> <span class='ocrx_word' id='word_1_209' title='bbox 505 3285 573 3346; x_wconf 67' lang='lat' dir='ltr'>curm]</span> <span class='ocrx_word' id='word_1_210' title='bbox 603 3285 690 3332; x_wconf 81' lang='lat' dir='ltr'>Haeret</span> <span class='ocrx_word' id='word_1_211' title='bbox 705 3287 741 3334; x_wconf 87' lang='lat' dir='ltr'>hic</span> <span class='ocrx_word' id='word_1_212' title='bbox 756 3288 918 3346; x_wconf 87' lang='lat' dir='ltr'>Hotomannns,</span> <span class='ocrx_word' id='word_1_213' title='bbox 933 3291 1012 3338; x_wconf 83' lang='lat' dir='ltr'>haeret</span> <span class='ocrx_word' id='word_1_214' title='bbox 1025 3294 1093 3342; x_wconf 84' lang='lat' dir='ltr'>etiarn</span> 
     </span>
     <span class='ocr_line' id='line_1_29' title="bbox 227 3342 1094 3404; baseline 0.014 -18"><span class='ocrx_word' id='word_1_215' title='bbox 227 3342 341 3390; x_wconf 88' lang='lat' dir='ltr'>Graevrus.</span> <span class='ocrx_word' id='word_1_216' title='bbox 373 3343 503 3389; x_wconf 86' lang='lat' dir='ltr'>Tenendum</span> <span class='ocrx_word' id='word_1_217' title='bbox 518 3345 559 3398; x_wconf 81' lang='lat' dir='ltr'>est,</span> <span class='ocrx_word' id='word_1_218' title='bbox 575 3342 598 3388; x_wconf 88' lang='lat' dir='ltr'>in</span> <span class='ocrx_word' id='word_1_219' title='bbox 613 3345 655 3390; x_wconf 88' lang='lat' dir='ltr'>bac</span> <span class='ocrx_word' id='word_1_220' title='bbox 667 3346 745 3403; x_wconf 77' lang='lat' dir='ltr'>forma,</span> <span class='ocrx_word' id='word_1_221' title='bbox 763 3362 811 3394; x_wconf 92' lang='lat' dir='ltr'>cum</span> <span class='ocrx_word' id='word_1_222' title='bbox 823 3347 908 3404; x_wconf 74' lang='lat' dir='ltr'>¹iudices</span> <span class='ocrx_word' id='word_1_223' title='bbox 926 3350 1027 3397; x_wconf 84' lang='lat' dir='ltr'>dicuntur</span> <span class='ocrx_word' id='word_1_224' title='bbox 1046 3368 1094 3399; x_wconf 84' lang='lat' dir='ltr'>esse</span> 
     </span>
     <span class='ocr_line' id='line_1_30' title="bbox 226 3399 1093 3472; baseline 0.016 -29"><span class='ocrx_word' id='word_1_225' title='bbox 226 3399 288 3470; x_wconf 68' lang='lat' dir='ltr'>lecti,</span> <span class='ocrx_word' id='word_1_226' title='bbox 303 3414 352 3468; x_wconf 75' lang='lat' dir='ltr'>nem</span> <span class='ocrx_word' id='word_1_227' title='bbox 389 3401 418 3446; x_wconf 90' lang='lat' dir='ltr'>ad</span> <span class='ocrx_word' id='word_1_228' title='bbox 427 3405 512 3470; x_wconf 74' lang='lat' dir='ltr'>certum</span> <span class='ocrx_word' id='word_1_229' title='bbox 518 3399 656 3471; x_wconf 41' lang='lat' dir='ltr'>judicium&#39;in</span> <span class='ocrx_word' id='word_1_230' title='bbox 666 3408 727 3472; x_wconf 74' lang='lat' dir='ltr'>certa</span> <span class='ocrx_word' id='word_1_231' title='bbox 736 3420 821 3462; x_wconf 84' lang='lat' dir='ltr'>caussa,</span> <span class='ocrx_word' id='word_1_232' title='bbox 832 3406 854 3451; x_wconf 92' lang='lat' dir='ltr'>id</span> <span class='ocrx_word' id='word_1_233' title='bbox 893 3407 976 3455; x_wconf 82' lang='lat' dir='ltr'>rtinere</span> <span class='ocrx_word' id='word_1_234' title='bbox 989 3412 1093 3468; x_wconf 86' lang='lat' dir='ltr'>adrejec-</span> 
     </span>
     <span class='ocr_line' id='line_1_31' title="bbox 225 3421 1092 3535; baseline 0.01 -28"><span class='ocrx_word' id='word_1_235' title='bbox 225 3463 311 3507; x_wconf 78' lang='lat' dir='ltr'>nonem</span> <span class='ocrx_word' id='word_1_236' title='bbox 317 3472 341 3514; x_wconf 82' lang='lat' dir='ltr'>Ju</span> <span class='ocrx_word' id='word_1_237' title='bbox 365 3473 422 3516; x_wconf 85' lang='lat' dir='ltr'>cnm,</span> <span class='ocrx_word' id='word_1_238' title='bbox 430 3472 467 3520; x_wconf 88' lang='lat' dir='ltr'>qm</span> <span class='ocrx_word' id='word_1_239' title='bbox 477 3473 548 3527; x_wconf 74' lang='lat' dir='ltr'>pruma</span> <span class='ocrx_word' id='word_1_240' title='bbox 557 3464 673 3507; x_wconf 85' lang='lat' dir='ltr'>sortrtrone</span> <span class='ocrx_word' id='word_1_241' title='bbox 683 3467 788 3509; x_wconf 79' lang='lat' dir='ltr'>enssent:</span> <span class='ocrx_word' id='word_1_242' title='bbox 799 3463 836 3524; x_wconf 93' lang='lat' dir='ltr'>qui</span> <span class='ocrx_word' id='word_1_243' title='bbox 847 3421 1034 3535; x_wconf 65' lang='lat' dir='ltr'>miinquebantnr,</span> <span class='ocrx_word' id='word_1_244' title='bbox 1043 3483 1092 3515; x_wconf 86' lang='lat' dir='ltr'>eum</span> 
     </span>
     <span class='ocr_line' id='line_1_32' title="bbox 278 3516 705 3624; baseline 0.017 -6.034"><span class='ocrx_word' id='word_1_245' title='bbox 278 3516 705 3624; x_wconf 52' lang='lat' dir='ltr'>,rhene</span> 
     </span>
     <span class='ocr_line' id='line_1_33' title="bbox 222 3593 1093 3681; baseline 0.016 -64"><span class='ocrx_word' id='word_1_246' title='bbox 222 3634 321 3681; x_wconf 56' lang='lat' dir='ltr'><strong>diam</strong></span> <span class='ocrx_word' id='word_1_247' title='bbox 694 3593 734 3636; x_wconf 79' lang='lat' dir='ltr'>ou,</span> <span class='ocrx_word' id='word_1_248' title='bbox 870 3598 889 3629; x_wconf 88' lang='lat' dir='ltr'>rs</span> <span class='ocrx_word' id='word_1_249' title='bbox 914 3598 980 3630; x_wconf 88' lang='lat' dir='ltr'>aeren</span> <span class='ocrx_word' id='word_1_250' title='bbox 992 3600 1015 3630; x_wconf 88' lang='lat' dir='ltr'>es</span> <span class='ocrx_word' id='word_1_251' title='bbox 1024 3598 1093 3661; x_wconf 77' lang='lat' dir='ltr'>impe·</span> 
     </span>
    </p>
   </div>
   <div class='ocr_carea' id='block_1_5' title="bbox 220 3708 1092 3879">
    <p class='ocr_par' dir='ltr' id='par_1_5' title="bbox 220 3708 1092 3879">
     <span class='ocr_line' id='line_1_34' title="bbox 253 3708 1091 3776; baseline 0.011 -19"><span class='ocrx_word' id='word_1_252' title='bbox 253 3710 341 3758; x_wconf 62' lang='lat' dir='ltr'>stanti</span> <span class='ocrx_word' id='word_1_253' title='bbox 360 3708 453 3769; x_wconf 75' lang='lat' dir='ltr'>Roscii]</span> <span class='ocrx_word' id='word_1_254' title='bbox 484 3709 521 3758; x_wconf 76' lang='lat' dir='ltr'>sie</span> <span class='ocrx_word' id='word_1_255' title='bbox 542 3711 593 3759; x_wconf 86' lang='lat' dir='ltr'>edd.</span> <span class='ocrx_word' id='word_1_256' title='bbox 629 3728 648 3759; x_wconf 75' lang='lat' dir='ltr'>r,</span> <span class='ocrx_word' id='word_1_257' title='bbox 684 3714 792 3764; x_wconf 85' lang='lat' dir='ltr'>Restituit</span> <span class='ocrx_word' id='word_1_258' title='bbox 809 3718 856 3776; x_wconf 86' lang='lat' dir='ltr'>jam</span> <span class='ocrx_word' id='word_1_259' title='bbox 874 3719 990 3766; x_wconf 80' lang='lat' dir='ltr'>Graevius.</span> <span class='ocrx_word' id='word_1_260' title='bbox 1014 3718 1091 3766; x_wconf 85' lang='lat' dir='ltr'>Visum</span> 
     </span>
     <span class='ocr_line' id='line_1_35' title="bbox 220 3769 1092 3879; baseline 0.014 -66"><span class='ocrx_word' id='word_1_261' title='bbox 220 3769 470 3879; x_wconf 41' lang='lat' dir='ltr'>:piamwneuqtmeirtllrllqndum</span> <span class='ocrx_word' id='word_1_262' title='bbox 486 3769 586 3827; x_wconf 75' lang='lat' dir='ltr'>caboej</span> <span class='ocrx_word' id='word_1_263' title='bbox 618 3778 725 3836; x_wconf 60' lang='grc' dir='ltr'>,μωρίαν</span> <span class='ocrx_word' id='word_1_264' title='bbox 739 3777 961 3834; x_wconf 75' lang='lat' dir='ltr'>verbumds&#39;scedont,</span> <span class='ocrx_word' id='word_1_265' title='bbox 971 3777 1031 3838; x_wconf 90' lang='lat' dir='ltr'>quod</span> <span class='ocrx_word' id='word_1_266' title='bbox 1044 3779 1092 3825; x_wconf 80' lang='lat' dir='ltr'>lere</span> 
     </span>
    </p>
   </div>
   <div class='ocr_carea' id='block_1_6' title="bbox 0 0 1354 4675">
    <p class='ocr_par' dir='ltr' id='par_1_6' title="bbox 0 0 1354 4675">
     <span class='ocr_line' id='line_1_36' title="bbox 0 0 1354 4675; baseline 0 5"><span class='ocrx_word' id='word_1_267' title='bbox 0 0 1354 4675; x_wconf 95' lang='lat' dir='ltr'> </span> 
     </span>
    </p>
   </div>
  </div>
 </body>
</html>
