2700 4675
469 560 844 625 nmtsnrsaarnrssus.
1037 576 1095 632 iss

226 727 344 784 modum
356 722 453 791 luerit
470 723 608 781 frumenti
626 722 782 780 decumani
794 717 964 777 detraxerit.
1004 716 1098 774 Erunt

229 826 319 880 etiam
333 823 464 888 tortasse,
482 822 607 894 judices,
626 821 677 894 qni
700 820 782 875 illum
795 818 855 889 ejus
869 818 1034 889 peculatum
1047 816 1096 870 vel
1157 811 1162 820 '

230 923 371 979 acerrime
393 920 603 976 vindicandum
615 923 727 991 putent,
740 917 816 990 qnod
828 916 884 972 iste
898 914 941 972 M.
963 912 1098 970 Marcelli

231 1025 261 1077 et
276 1022 309 1077 P.
327 1017 462 1077 Africani
485 1021 680 1083 monumenta,
693 1032 766 1089 quse
789 1015 916 1080 nomine,
929 1013 1052 1078 illorum,
1066 1029 1097 1067 re
1124 1001 1169 1066 Χ

232 1135 312 1184 vers,
325 1117 423 1189 populi
437 1115 571 1183 Romani,
583 1119 614 1171 et
627 1120 719 1181 erent,
729 1119 761 1170 et
768 1115 955 1179 habebantur,
969 1129 1006 1168 ex
1021 1110 1097 1166 sanis

231 1214 462 1288 religiosissimis,
473 1232 513 1271 ex
535 1214 650 1271 urbibus
663 1212 808 1269 tortiorum
829 1216 916 1285 atque
936 1210 1096 1268 amicornm

231 1330 290 1370 non
301 1312 475 1373 dubitaverit
489 1314 608 1370 aniene.
651 1310 809 1368 Emerssrit
822 1328 861 1366 ex
883 1311 1030 1381 peculatus
1044 1308 1127 1369 eti-⁵

228 1411 413 1484 amjudicio:
435 1411 589 1468 meditetur
610 1408 793 1465 de-‹lucibus
813 1407 947 1474 hostium,
966 1424 1037 1481 quos
1050 1422 1097 1464 ac·

226 1515 315 1582 cepta
334 1510 461 1583 pecunie
474 1509 629 1565 liberavit:
651 1506 760 1575 videet,
774 1506 843 1580 quid
862 1508 899 1563 de
909 1505 968 1563 illis
982 1522 1097 1578 respon·

226 1608 304 1677 dest,
318 1626 388 1683 quos
399 1608 430 1665 in
441 1625 544 1665 eorum
558 1609 653 1664 locum
673 1605 802 1663 subditos
815 1604 894 1662 domi
914 1621 983 1663 suae
1008 1622 1086 1662 reser

226 1707 321 1765 ravit.
332 1712 452 1781 quaeret
471 1725 529 1763 non
544 1708 646 1773 solum,
670 1707 910 1780 quemadmodum
930 1710 1028 1762 nostro
1042 1704 1097 1762 cri

227 1805 310 1872 mini,
334 1823 434 1863 verum
457 1806 545 1862 etiam
560 1823 616 1880 qno
629 1810 717 1877 pacto
731 1822 800 1860 sune
814 1804 991 1861 confessioni
1005 1802 1096 1876 possit

226 1904 346 1962 mederi.
362 1904 534 1969 meminerit,
547 1922 578 1959 se
600 1904 693 1974 priore
708 1902 835 1968 actione,
848 1905 974 1958 clamore
996 1901 1095 1973 populi

229 2002 355 2059 Romani
368 2002 475 2058 infesto
488 2007 574 2073 atque
584 2000 712 2055 inimico·
723 1997 743 2029 ¹¹
754 1998 923 2066 excitatum,
933 1999 1095 2056 confessam

227 2117 302 2166 esse,
316 2101 431 2155 ducesa
444 2116 476 2155 se
486 2099 662 2171 praedonum
672 2097 768 2154 securi
779 2114 837 2153 non
851 2115 915 2153 esse
930 2115 1093 2169 percussos:

226 2199 331 2269 sejam
345 2203 404 2254 turn
421 2213 487 2253 esse
501 2196 633 2265 veritum,
647 2214 686 2254 ne
699 2194 756 2253 sibi
777 2195 894 2254 crimini
907 2197 1030 2263 deretur,
1043 2214 1094 2253 eos

225 2299 263 2354 sb
277 2313 308 2354 se
322 2296 446 2371 pecunia
459 2297 603 2355 liberatos.
624 2295 749 2354 fetentur
770 2296 810 2365 id,
823 2298 899 2372 qnod
920 2296 1020 2371 negari
1034 2314 1093 2354 non

222 2403 330 2470 potest,
344 2415 376 2454 se
391 2397 534 2470 privamm
544 2396 702 2461 hominem,
716 2397 894 2468 praedonum
904 2397 992 2452 duces
1007 2396 1093 2453 vivos

224 2501 310 2566 atque
323 2497 484 2548 incolumes
497 2494 577 2545 domi
603 2502 682 2556 suae,
697 2499 884 2562 posteaquam
907 2495 1030 2548 Romam
1052 2507 1094 2550 re·

224 2591 321 2655 dierit,
335 2604 423 2661 usqne
437 2589 505 2643 dum
525 2604 577 2659 per
596 2603 643 2642 ne
666 2585 792 2650 licuerit,
816 2587 955 2644 tenuisse.
970 2590 1035 2658 hoc,
1062 2591 1094 2650 in

225 2690 278 2746 illo
290 2684 450 2758 majestatie
465 2683 579 2756 judicio
596 2683 622 2739 si
650 2682 768 2741 licuisse
788 2684 844 2740 sibi
856 2688 1024 2755 ostenderit,
1038 2706 1093 2763 ego

222 2785 384 2860 oportuisse
396 2783 568 2840 concedam.
609 2782 657 2839 Ex
671 2782 727 2838 hoc
741 2799 852 2856 qnoque
866 2787 1010 2842 evaserit:
1032 2806 1095 2858 pro

222 2886 338 2944 ficiscur
350 2900 396 2950 eo,
410 2899 467 2957 quo
480 2899 527 2938 me
545 2879 722 2953 jampridem
746 2886 834 2938 vocat
855 2885 974 2954 populus
990 2885 1093 2943 Roma·

223 3001 287 3042 nus.
329 2981 452 3055 DeJnre
464 2979 545 3039 enim
557 2979 701 3037 libertatis
714 2985 744 3037 et
762 2980 894 3038 civitatis
916 3000 997 3039 snum
1012 2988 1092 3057 putat
1162 3052 1165 3057 ,

212 3081 452 3155 'mejudicium
473 3086 504 3138 et
518 3083 597 3136 recte
611 3084 703 3152 patet,
745 3079 918 3154 confringat
941 3081 996 3140 iste
1020 3100 1091 3143 sene

223 3181 257 3237 vi
278 3196 329 3235 sna
351 3178 476 3236 consilis
496 3178 661 3235 senatoris:
683 3177 866 3251 quaestiones
888 3181 1015 3239 omnium
1031 3202 1091 3256 per-

225 3281 354 3348 rumpat:
382 3279 482 3333 evolet
507 3294 545 3333 ex
564 3283 662 3333 vestre
683 3276 857 3334 severitate:
879 3279 950 3336 milri
971 3283 1091 3350 credite,

223 3373 394 3430 arctioribus
407 3374 483 3445 apmd
496 3375 631 3444 populum
642 3375 804 3432 Romanum
816 3376 925 3450 laqueis
936 3381 1089 3435 tenebitur.

224 3471 333 3529 Credet
344 3470 379 3526 iis
389 3469 533 3544 equitibus
545 3471 684 3528 Romanis
699 3476 818 3545 populus
831 3474 986 3543 Romanus,
995 3477 1044 3549 qni
1055 3474 1092 3532 ad

223 3587 279 3627 vos
290 3572 377 3625 antea
395 3567 527 3641 prodrtcti
537 3573 636 3637 testes,
648 3568 719 3643 ipsis
733 3569 972 3644 inspectantibus,
986 3575 1023 3628 nb
1036 3572 1092 3629 isto
1157 3590 1165 3596 ·

252 3723 273 3756 ¹¹
288 3721 416 3775 eueibrtum,
435 3721 556 3779 strumum
565 3718 626 3780 estc]
658 3718 694 3767 lta
703 3724 833 3783 perterritus
843 3730 866 3772 et
883 3725 1024 3788 perturbatus
1042 3723 1092 3782 fuit,

222 3788 249 3831 rt
269 3783 362 3850 urente
380 3784 506 3848 assurgeret
519 3779 605 3849 ptest,
625 3779 743 3849 erduno
756 3787 782 3830 et
797 3784 917 3832 eruetur:
932 3782 991 3844 quoa
1005 3783 1093 3844 egr-qs

225 3844 331 3902 expuunt
340 3852 461 3897 magrnem
472 3839 566 3888 hominu
572 3841 597 3885 et
603 3851 637 3887 ret
645 3845 715 3886 actae.
