2700 4675
449 588 454 596 -
480 561 553 612 scr.
570 558 599 611 ιι.
616 559 714 611 urana
728 559 862 610 narnus.
1044 561 1106 621 2⁰5

236 707 334 762 astum
354 705 439 767 istius
463 707 547 766 vitae
572 710 771 781 turpissimum
798 712 829 763 et
856 701 1110 778 flagitiosissimum

236 804 472 874 praetermittam.
494 806 569 863 nihil
589 824 667 863 ame
691 808 729 862 de
750 803 891 878 pueritiae
910 819 980 859 suae
994 798 1109 873 flagitiis

235 901 422 976 peccatisque
443 903 551 969 audiet,
567 904 642 960 nibil
663 921 703 960 ex
723 903 775 959 itta
787 902 899 974 impura
912 896 1111 956 adolescentia

239 1014 308 1054 sua:
330 1016 403 1073 quae
417 1000 510 1073 quatis
533 1000 628 1068 tuerit,
652 1006 702 1057 aut
725 998 906 1065 meministis,
919 995 998 1054 ”aut
1012 1014 1051 1053 ex
1064 1011 1110 1059 eo,

212 1141 216 1146 .
238 1113 324 1169 quem
345 1096 388 1154 sui
403 1096 581 1156 simillimum
600 1098 744 1172 produxit,
757 1114 965 1170 recognoscere
979 1093 1108 1168 potestis.

240 1193 347 1252 Omnia
360 1197 529 1268 praeteribo,
543 1196 705 1272 quaemihi
716 1197 809 1269 tan-pia
817 1195 900 1253 dictu
914 1196 1107 1252 videbuntur:

240 1308 334 1366 neque
357 1297 459 1362 sotum,
478 1295 546 1370 quid
571 1296 658 1353 istum
680 1294 789 1361 audire,
809 1311 911 1351 verum
930 1294 1028 1359 etiarn,
1042 1292 1112 1366 quid

233 1403 285 1446 me
309 1371 415 1449 deceat
437 1393 545 1461 dicere,
569 1393 769 1451 considerabo.
811 1392 885 1457 Vos,
907 1407 1023 1464 quaeso,
1044 1391 1112 1447 date

236 1488 302 1555 boc,
315 1494 346 1546 et
366 1492 521 1548 concedite
536 1491 637 1564 pudori
661 1507 736 1556 meo,
757 1495 791 1545 at
803 1488 928 1562 aliquam
950 1493 1061 1560 partem
1074 1488 1111 1544 de

232 1585 317 1643 istius
331 1587 512 1661 impudentia
526 1588 649 1645 reticere
673 1588 792 1661 possim.
833 1587 929 1644 Omne
949 1586 1027 1643 iliud·
1041 1591 1111 1643 tem·

233 1701 294 1759 pus,
309 1688 384 1760 quod
399 1687 462 1755 init,
476 1692 632 1761 antequam
654 1687 710 1744 iste
729 1688 766 1743 ad
792 1686 973 1760 msgistratus
994 1698 1111 1758 remque

229 1784 381 1857 pubiicum
395 1786 530 1853 accessit,
544 1787 651 1843 habeat
662 1803 714 1859 per
727 1803 774 1841 me
788 1787 913 1841 solutum
928 1801 963 1842 ac
978 1784 1112 1839 liberum.

234 1880 364 1939 Siieatur
378 1885 415 1939 de
434 1867 583 1940 nocturnis
598 1883 659 1955 ejus
673 1882 915 1939 bacchationibus
928 1898 963 1937 uc
979 1880 1089 1953 vigiliis
1103 1899 1112 1949 3

230 1979 379 2044 lenonum,
401 1981 569 2045 aleatorum,
585 1980 786 2051 perductomm
808 1980 889 2035 uuila
909 1978 1020 2034 mentio
1042 1978 1110 2047 tiatr

238 2077 354 2142 damna,
381 2078 534 2143 dedecora,
558 2075 632 2151 quae
655 2093 701 2133 rm
722 2076 809 2149 patris
829 2075 901 2149 ejus,
920 2080 1002 2132 aetas
1023 2075 1112 2148 ipsius

229 2173 361 2247 pertulit,
375 2178 606 2247 praetereantur:
629 2177 760 2232 lucretur
776 2174 887 2231 indicia
908 2174 1016 2231 veteris
1038 2175 1110 2232 insa·

231 2272 326 2341 miae3
348 2273 472 2347 patiatur
482 2273 543 2348 ejus
558 2274 621 2331 vita
639 2274 757 2349 reliqua,
771 2291 817 2329 me
832 2275 908 2332 banc
920 2277 1030 2330 tantam
1038 2274 1101 2346 jac-

228 2376 322 2429 turam
340 2373 494 2430 criminum
510 2373 617 2431 iacere.
660 2373 804 2440 Quaestor
824 2372 881 2428 Cn.
897 2372 1014 2444 Papirio
1033 2390 1102 2429 con·

231 2469 1103 2543 fflfflfflfflmmmmmmmmmffiffl

231 2568 309 2625 banc
318 2570 397 2626 diem
407 2586 481 2642 quae
492 2568 597 2634 iecisti,
610 2567 641 2623 in
649 2567 795 2639 judicium
804 2582 888 2622 voco.
929 2566 1009 2623 Hora
1023 2569 1103 2625 nulia
1213 2585 1216 2598 ·

229 2681 326 2722 vacua
338 2683 357 2722 a
379 2666 463 2733 torto,
476 2667 596 2732 scetere,
609 2664 791 2732 crudelitate,
811 2662 921 2737 flagitio
934 2664 1100 2738 reperietur.

231 2761 272 2821 Hi
294 2769 361 2820 sunt
384 2763 455 2820 anni
476 2762 622 2820 consumti
647 2748 864 2837 in'quaestura,
890 2768 922 2819 et
954 2764 1100 2837 legatione

231 2861 376 2930 Asiatica,
394 2865 425 2920 et
451 2867 584 2935 praetura
608 2863 727 2930 urbana,
741 2865 771 2918 et
793 2865 924 2933 praetura
940 2861 1099 2919 Siciliensi.

228 2959 325 3032 Quare
338 2962 412 3018 haec
425 2961 528 3017 eadem
541 2960 597 3018 erit
610 2958 819 3035 quadripartita
833 2958 997 3016 distributio
1011 2960 1098 3017 totius

226 3059 422 3117 accusationis
437 3075 530 3115 meae.

267 3157 411 3226 Quaestor
430 3154 497 3213 ”ex
511 3158 765 3215 senatusconsulto
778 3155 961 3230 provinciam
979 3159 1094 3217 sortitus
1110 3161 1149 3220 13

228 3268 271 3308 ea.
292 3253 396 3327 obtigit
409 3252 463 3311 tibi
476 3257 644 3324 consularis,
658 3261 689 3313 ut
710 3271 778 3312 cum
800 3257 921 3311 consuis
945 3256 1000 3313 Cn.
1024 3258 1094 3315 Car·

256 3404 280 3437 ²⁶
293 3406 500 3467 ueteranorum]
530 3406 684 3454 Hotomannus
714 3408 796 3453 caeteri
814 3407 902 3455 Asconii
917 3409 1034 3455 lectionem
1045 3410 1092 3466 istc,

224 3478 283 3526 quae
299 3464 425 3524 recipienda
444 3471 485 3521 est,
503 3465 521 3512 si
538 3471 621 3513 certum
638 3466 683 3523 sit„
708 3467 713 3478 ¹
766 3467 843 3514 Verris
859 3467 881 3513 in
888 3467 973 3525 iudicio
981 3467 1091 3527 adfuisse3

223 3523 284 3585 quod
293 3522 437 3570 Hotomauuo
444 3522 539 3571 videtum

253 3601 278 3670 ²J
292 3599 559 3672 estimandum]
589 3601 790 3672 Nebichaeraant
802 3603 894 3651 studiosi
904 3604 926 3650 in
936 3600 1090 3671 conjunctione

222 3661 270 3749 §.etr
280 3664 304 3704 et
313 3665 390 3705 sorta:
406 3663 542 3730 sortitionem
552 3661 665 3730 praecedit
674 3661 756 3732 Seium2
772 3663 801 3732 de
809 3662 960 3733 quaestoribus
969 3673 991 3747 un
1001 3673 1089 3763 grauns&

218 3734 302 3882 {bij
303 3719 1087 3881 ttJi‘ddiitdt,1didiitdiitidddir.im

275 3849 362 3882 essse.

257 3934 328 3975 von.
350 3935 392 3974 ιιι.
639 3922 675 3975 20
