2700 4675
241 529 283 590 ῃ
612 519 740 570 ottt'tro

240 678 292 731 nut
311 670 456 730 commodi
470 684 567 738 ceusu,
580 685 683 726 verum
704 667 796 728 etium
817 667 1043 744 negligentius3
1060 683 1110 728 eun

240 774 364 848 majores
378 787 520 829 summum
527 768 677 827 admisisse
691 768 820 826 dedecus
834 767 1063 828 existimabant
1072 769 1110 826 its

241 889 297 946 que
308 871 437 929 mandati
450 869 639 927 constitutum
653 865 863 939 estjudioium‚
880 885 945 927 non
963 868 1058 927 minus
1069 873 1110 924 tu·

241 988 289 1044 pe,
302 986 387 1044 quum
399 968 483 1024 furti:
498 968 585 1025 oredo
598 970 759 1039 propterea,
772 965 860 1039 quod,
870 966 984 1040 quibus
999 967 1031 1025 in
1044 968 1110 1024 nebu

242 1068 298 1141 ipsi
317 1068 456 1124 interesse
477 1083 537 1122 non
557 1082 715 1138 possumus,
743 1063 776 1122 in
799 1062 846 1120 bis
872 1080 989 1138 operae
1014 1070 1110 1124 nostru

241 1164 363 1232 visoria,
376 1165 446 1222 fides
459 1163 626 1231 amicorum,
644 1162 830 1237 supponitur:
852 1181 948 1238 quem
963 1165 1017 1240 qui
1030 1162 1112 1228 laedit

241 1269 388 1339 oppugnat
400 1264 529 1322 omnium
543 1279 695 1321 commune
714 1260 908 1335 praesidium,
930 1268 974 1332 et,
989 1267 1111 1339 qnnntun

242 1363 275 1422 in
296 1364 359 1440 ipso
379 1369 432 1432 est,
454 1363 594 1421 disturbat
616 1360 697 1418 vitae
719 1359 907 1418 societatem.
952 1363 1028 1420 Non
1050 1360 1112 1418 enin

243 1482 393 1538 possumus
415 1463 514 1520 omnis
539 1479 588 1535 per
602 1477 654 1518 nos
674 1476 778 1533 ogere:
801 1457 880 1514 elius
897 1459 932 1518 in
954 1461 1020 1519 ulie
1040 1465 1114 1518 estro

243 1562 335 1633 magis
349 1561 436 1617 utitis.
478 1560 593 1617 idoiroo
606 1558 753 1617 amicitias
766 1564 996 1630 eompernntur‚
1005 1566 1040 1618 ut
1051 1574 1115 1618 nom·

243 1674 330 1715 mune
351 1660 533 1714 commodum
553 1658 659 1714 mutuis
679 1655 782 1714 officiis
808 1656 1007 1729 gubernetur.
1051 1654 1115 1731 Quid

242 1757 347 1830 recipis
372 1758 547 1824 mandatum,
569 1756 595 1813 si
617 1761 666 1813 sut
689 1757 884 1828 neglecturus,
909 1763 964 1815 eut
985 1761 1024 1817 nd
1049 1764 1116 1815 tuuu

241 1857 424 1916 commodum
438 1873 627 1914 conversurus
639 1852 692 1912 es?
705 1870 757 1911 our
770 1852 843 1910 mibi
856 1858 890 1910 te
902 1856 996 1915 offers
1008 1875 1044 1916 no
1054 1853 1116 1915 nteit

242 1956 401 2016 commodis
422 1956 518 2014 offioio
539 1955 683 2021 simulato,
701 1952 802 2019 officis,
822 1956 853 2010 et
866 1954 1001 2015 obstas?
1022 1955 1116 2014 reoede

242 2058 279 2114 de
293 2058 407 2114 medio:
422 2074 473 2129 per
486 2055 573 2112 alium
588 2053 753 2127 transigam.
784 2050 919 2125 Susoipis
933 2072 1014 2112 onus
1027 2051 1118 2120 officii,

241 2155 318 2225 quod
337 2158 366 2210 te
385 2158 467 2223 putes
481 2152 621 2208 sustinere
636 2169 737 2223 posse:
760 2151 834 2225 quod
856 2151 989 2212 minime
1010 2155 1116 2214 videtu

189 2264 230 2325 39
242 2266 331 2322 greve
350 2247 396 2314 iis,
416 2248 465 2322 qui
479 2248 598 2304 minime
612 2248 668 2321 ipsi
689 2251 771 2307 leves
790 2252 868 2306 sunt.
913 2251 1000 2327 Ergo
1016 2253 1115 2312 ideireo

242 2348 332 2423 turpis
345 2350 418 2406 bneo
433 2348 518 2422 oulpn
531 2353 584 2415 est,
601 2350 677 2423 quod
691 2351 763 2407 duas
776 2367 821 2407 res
838 2351 1049 2413 sanctissimos
1062 2352 1117 2410 vio·

241 2451 292 2519 let,
306 2450 466 2511 amicitiam
479 2453 509 2507 et
525 2449 621 2506 fidem.
636 2467 705 2506 nam
719 2468 812 2524 neque
825 2453 949 2510 mundat
969 2455 1114 2530 quisqruu

240 2549 310 2618 tere,
330 2550 387 2607 nisi
401 2550 511 2608 amieo:
534 2567 628 2624 neque
642 2548 745 2616 eredit,
764 2549 822 2606 nisi
835 2548 873 2617 ei,
893 2568 987 2625 quem
1004 2555 1112 2611 fidelem

241 2652 333 2720 putat.
374 2646 564 2703 Perditissimi
578 2653 622 2704 est
640 2647 727 2721 igitur
747 2647 882 2714 bominis,
897 2650 990 2710 simul
1006 2659 1037 2711 et
1050 2651 1111 2711 emi·

241 2744 343 2802 citiam
356 2744 524 2813 dissolvere,
539 2750 569 2802 et
579 2746 677 2803 fallere
692 2763 768 2815 eum,
779 2745 827 2820 qui
841 2748 939 2805 lnesus
953 2767 1019 2810 non
1034 2754 1112 2815 osset,

241 2843 299 2901 uisi
313 2844 493 2903 credidisset.
531 2844 646 2902 ⁷1Itane
667 2841 732 2901 est?
752 2845 782 2901 in
797 2844 928 2904 minimis
949 2852 1050 2919 rebus,
1069 2846 1113 2924 qni

240 2947 407 3003 mandatum
421 2945 592 3020 neglexerit,
605 2943 769 3017 turpissimo
775 2943 890 3017 judioio
901 2948 1114 3009 condemnetis

241 3059 361 3099 necesse
372 3048 434 3099 est:
448 3044 480 3099 in
495 3061 524 3097 re
539 3046 628 3111 tanta,
643 3061 710 3100 oum
723 3043 758 3111 is,
768 3042 818 3100 oui
831 3042 909 3100 sema
925 3051 1046 3117 mortui,
1063 3048 1110 3105 tor·

241 3143 329 3195 tunae
363 3139 427 3195 vivi
453 3141 673 3211 emnpsendntae
707 3146 773 3198 sunt
798 3146 884 3215 etque
913 3146 1113 3213 concreditas,

241 3233 361 3313 (damno
387 3233 511 3314 vivum,)
533 3235 725 3312 ⁷²ignominia
748 3244 890 3297 mortuum
918 3242 1110 3304 uffeeerittis

271 3412 292 3446 ⁷¹
307 3410 370 3482 Itone
384 3412 436 3472 esst]
462 3412 504 3460 int.
516 3413 597 3461 Nonne
606 3413 639 3460 ita
648 3414 700 3463 est?
715 3414 750 3462 Sic
759 3412 817 3460 enim
827 3412 942 3464 interdum
951 3432 983 3466 ne
995 3424 1110 3483 usurpetur

242 3473 311 3522 etism
320 3487 335 3518 a
344 3470 458 3518 Cicerone.

272 3554 295 3587 ⁷²
309 3549 576 3666 ignominiosos-rurum)
607 3552 678 3600 Deest
693 3555 789 3600 alterum
797 3549 930 3622 rnenbrurn,
943 3557 1006 3617 quod
1021 3558 1056 3605 ite
1070 3570 1111 3605 r*

241 3612 449 3674 pondeatfortonss
462 3623 515 3666 mot,
526 3614 551 3655 ut
570 3626 631 3656 noue
639 3613 723 3659 mortni
736 3613 859 3670 tgnonnnw
866 3627 896 3657 m.
924 3614 1026 3675 Explevi
1035 3616 1114 3663 dns*

241 3674 324 3729 dnum,
335 3672 374 3718 sed
384 3685 432 3716 cum
442 3672 496 3716 nota
501 3668 647 3727 emblematis,
655 3677 681 3717 ut
690 3677 765 3719 tamen
774 3683 847 3716 sensus
857 3668 945 3729 integer
959 3680 1028 3721 esset.
1050 3672 1110 3722 utu

133 3804 157 3901 N
240 3730 383 3839 fflrimo
390 3730 447 3786 loco,
455 3732 480 3775 ut
486 3727 601 3774 Chiesrnus
607 3731 677 3786 fieret,
684 3745 727 3792 qua
736 3735 804 3789 figura
811 3729 833 3774 in
839 3728 922 3776 talibus
933 3730 1035 3780 libenter
1043 3733 1110 3782 urion

357 3791 512 3839 Hotomnnnus
527 3786 617 3849 explere
625 3791 818 3849 tentavitintegrn
826 3787 912 3849 phrasi,
926 3803 973 3839 non
982 3790 1112 3843 heum

133 3908 159 4084 t
