2700 4675
283 571 322 630 12
667 564 791 620 obsuto

280 710 327 770 nis
338 711 462 786 spoliare
475 717 597 772 conatus
617 718 671 782 est,
688 730 796 772 vanum
809 730 851 782 se,
865 717 897 772 et
916 714 1165 790 perfidiosumet

277 809 399 887 impium
418 830 482 870 esse
495 813 625 871 fateatur.
666 812 797 871 Libellos
813 814 884 870 Sex.
900 815 1076 888 Alphenus,
1102 837 1164 893 pro

276 918 392 971 curator
403 914 436 971 P.
453 915 576 986 Quintii,
589 913 738 972 familiaris
749 919 780 970 et
792 913 967 987 propinquus
984 915 1064 975 Sex.
1081 919 1114 975 N
1116 935 1162 976 se·

276 1011 330 1079 vii,
343 1012 462 1083 dejicit:
483 1015 630 1069 servulum
652 1029 749 1079 unum,
773 1028 859 1085 quem
873 1011 927 1068 iste
941 1013 1160 1085 prebenderst,

275 1107 414 1167 abducit:
433 1109 602 1176 denunciat,
625 1127 689 1165 sese
711 1114 923 1182 procuratorem
942 1128 1031 1172 esser
1055 1114 1158 1184 istum,

273 1223 397 1280 aequum
417 1224 490 1274 esse,
511 1208 604 1265 lamae
618 1207 794 1281 fortunisque
806 1207 840 1264 P.
856 1207 970 1278 Quintii
984 1215 1157 1282 consulere,

273 1309 305 1363 et
317 1307 476 1363 adventurn
485 1306 545 1378 ejus
554 1311 734 1380 exspectare.
748 1307 822 1380 quod
832 1306 858 1362 si
868 1306 964 1362 lacere
979 1308 1068 1377 nolit,
1082 1309 1103 1342 ³¹
1115 1315 1158 1369 at-

271 1423 327 1480 que
341 1404 488 1463 imbiberit
501 1406 642 1478 ejusmodi
655 1405 815 1462 rationibus
828 1403 911 1461 illum
935 1405 973 1461 ad
996 1423 1069 1464 suas
1084 1425 1159 1468 con·

271 1502 397 1562 ditiones
419 1506 586 1577 perducere,
609 1522 673 1561 sese
698 1503 772 1561 nibil
794 1501 923 1576 precari:
954 1507 995 1569 et,
1022 1505 1052 1561 si
1081 1507 1154 1582 quid

271 1618 356 1674 sgere
382 1603 464 1669 velit,
481 1603 595 1673 judicio
616 1602 781 1658 defendere.
834 1601 916 1657 Haec
936 1601 1006 1657 dum
1030 1601 1153 1663 Romae

269 1705 415 1771 geruntur,
434 1700 569 1773 Quintius
582 1700 694 1757 interea
708 1699 876 1770 contrajus,
889 1701 1150 1774 consuetudinem,

269 1797 367 1854 edicta
377 1803 547 1871 praetorum,
568 1799 604 1854 de
618 1800 693 1854 saltu
711 1814 836 1872 agroque
854 1797 1033 1854 communia
1048 1802 1150 1861 servis

237 1873 468 1955 ⁷communibus
495 1897 526 1955 vi
554 1897 722 1954 detruditur.
774 1897 931 1964 Existimo,
953 1896 990 1954 G.
1016 1899 1150 1975 Aquilli,

267 1997 403 2054 modoet
426 1997 538 2054 ratione
559 1995 657 2054 omnia
682 1996 793 2053 Romae
817 1995 966 2053 Naevium
981 1994 1105 2068 iecisse,
1118 1998 1148 2058 si

265 2092 332 2161 hoc,
358 2097 434 2171 quod
455 2114 507 2170 per
533 2097 643 2153 litteras
665 2094 749 2152 istius
773 2095 805 2151 in
819 2093 918 2151 Gallia
945 2098 1063 2167 gestum
1089 2103 1148 2168 est,

265 2195 345 2246 recte
369 2198 455 2265 atque
475 2194 577 2249 ordine
600 2194 709 2248 lactum
724 2192 847 2247 videtur.
888 2192 1034 2264 Expulsus
1050 2199 1146 2271 atquc

264 2288 375 2364 ejectus
396 2307 413 2346 e
435 2290 552 2362 praedio
574 2289 721 2362 Quintius,
740 2295 862 2363 accepta
885 2289 992 2365 insigni
1019 2291 1145 2366 injuria,

264 2389 395 2463 confugit
405 2388 443 2446 ad
457 2388 492 2447 0.
508 2390 649 2448 Flaccum
664 2389 874 2461 imperatorem,
888 2389 937 2463 qui
951 2394 1012 2446 turn
1024 2398 1093 2451 erat
1108 2395 1144 2454 ln

262 2488 437 2563 provincia:
467 2507 561 2564 quem,
575 2493 607 2547 ut
625 2488 715 2562 ipsius
738 2487 865 2562 dignitas
888 2488 992 2561 poscit,
1015 2488 1143 2553 honoris

261 2589 353 2662 gratia
367 2590 494 2647 nomino.
535 2590 565 2647 ls
579 2605 645 2646 eam
665 2604 823 2662 remquam
833 2588 1024 2644 vehementer
1036 2589 1156 2649 vindi.

259 2689 384 2744 caudam
398 2686 513 2760 putarit,
526 2704 566 2742 ex
579 2686 706 2743 decretis
722 2685 784 2756 ejus
798 2684 928 2758 poteritis
942 2701 1139 2757 cognoscere.

261 2787 413 2858 Alphenus
432 2785 543 2840 interea
556 2784 667 2840 Romae
688 2800 755 2840 cum
769 2784 824 2840 isto
846 2784 1005 2857 gladiatore
1029 2789 1140 2848 vetulo

259 2883 387 2959 quotidie
409 2883 563 2956 pugnabat.
585 2883 718 2938 utebatur
738 2884 844 2955 populo
857 2900 928 2939 sane
941 2899 1002 2948 suo,
1015 2889 1138 2958 propte·

259 2999 316 3050 rea,
338 2983 414 3057 quod
434 2977 547 3058 ³²[iste]
563 2985 650 3054 caput
672 2984 772 3053 petere
791 2998 851 3038 non
864 2979 1025 3038 desinebat
1069 2983 1136 3043 Istc

258 3083 429 3156 postulabat,
451 3085 484 3135 ut
504 3083 670 3151 procurator
688 3077 854 3150 judicatum
872 3077 950 3135 solvi
963 3076 1133 3141 satisdaret.

257 3184 345 3252 negat
360 3179 521 3250 Alpheum,
536 3193 658 3250 aequum
667 3194 740 3243 esse,
751 3183 963 3249 procuratorem
976 3175 1134 3252 satisdare,

256 3278 332 3353 quod
345 3293 409 3332 reus
423 3275 564 3332 satisdare
577 3291 636 3332 non
649 3275 777 3341 deberet,
791 3275 816 3332 sl
830 3274 892 3348 ipse
905 3275 1029 3332 adesset.
1065 3279 1132 3353 Ap-

284 3430 305 3499 3}
315 3427 513 3498 otpudmbibeqii]
544 3427 580 3475 Sic
588 3427 646 3498 M⁸.⁸'
657 3428 754 3498 quidam,
762 3430 787 3472 et
796 3427 827 3474 sic
836 3427 943 3532 lseneppm
952 3425 1024 3496 edidit
1032 3427 1058 3474 P.
1071 3429 1131 3479 Ma-

254 3493 336 3537 nubus.
367 3487 426 3533 Edd.
438 3502 522 3548 primas
533 3501 608 3534 omues
623 3488 752 3534 aralrsbuent.
783 3486 876 3533 Frustra
885 3501 900 3532 o
915 3487 1013 3547 loqurtur
1027 3485 1128 3540 Hotom.

254 3548 362 3595 Primuse
371 3546 397 3594 P.
409 3545 508 3593 Manutii
518 3545 774 3593 conectionaimlribsm't
782 3545 853 3592 edidit
860 3546 933 3593 Aldus
941 3559 1017 3605 nepos.

283 3628 307 3661 ³2
320 3627 431 3682 stempas
438 3628 526 3681 paterc-
534 3650 544 3660 -
554 3658 560 3669 .
571 3621 615 3670 Istc
622 3625 735 3684 postulat]
751 3622 815 3670 Prius
828 3623 869 3670 aa
879 3623 927 3671 siue
941 3622 1011 3670 dubio
1024 3624 1130 3685 spurim

254 3690 296 3734 est.
309 3702 363 3733 nam
371 3686 426 3732 baec
436 3682 547 3753 pertinent
556 3682 584 3728 od
595 3683 731 3752 3llphenunr,
743 3696 784 3729 nec
794 3684 816 3729 in
826 3696 854 3728 eo
864 3698 918 3752 opus
927 3682 1066 3752 pronomine.
1100 3687 1129 3734 ln

254 3746 327 3792 altero
335 3747 376 3792 isle
385 3746 485 3814 pertinet
493 3742 523 3787 ad
530 3742 647 3788 Naevium.
679 3742 737 3789 Tum
745 3743 867 3798 mnomtct
876 3742 984 3788 edldlmtlt
992 3755 1042 3787 cum
1051 3741 1128 3790 Grae-

253 3803 298 3860 vio,
311 3809 335 3850 ut
344 3812 379 3851 est
385 3818 409 3851 sn
418 3802 477 3850 Mss·
488 3800 573 3861 aliquot
581 3815 617 3861 ap.
628 3799 695 3847 Gnrt.
706 3806 730 3845 et
742 3801 793 3848 edd
804 3816 838 3864 pr.
869 3801 901 3849 Et
910 3800 941 3850 sic
956 3799 1027 3848 etiam
1035 3799 1085 3849 ,ξω
1095 3802 1126 3851 11.

175 3904 187 3951 t,
254 3860 299 3910 bris
305 3862 420 3922 judicabat
426 3858 618 3935 mibmdumasse
626 3857 755 3909 [ambiam.
