2700 4675
433 547 506 600 ser.
523 549 553 599 u.
569 547 667 602 mssa
681 548 859 602 sneunnus.
1001 525 1086 619 'nul

221 711 316 753 rerum
329 695 559 774 fortunarumque
571 715 686 757 suarum
698 700 822 759 salutem
832 696 864 754 in
877 695 961 754 istius
974 696 1091 754 damna·

223 792 303 850 tione
315 791 484 852 consistere.
527 797 711 871 Quapropter
723 797 761 853 (le
774 794 857 852 istius
870 797 1004 869 praetura
1018 793 1092 851 Siei-

222 888 309 946 liensi
322 907 504 960 neumenia,
517 893 587 967 quin
600 894 642 951 ita
656 912 704 951 me
718 893 851 961 audiatis,
864 898 906 960 ut,
919 892 945 950 si
958 891 1092 966 eniquam
1146 960 1153 978 κ

221 988 323 1060 generi
355 989 515 1058 hominum,
548 991 614 1048 sive
644 991 816 1059 Siculorum,
843 990 909 1048 sive
931 994 1092 1049 nostrorum

222 1084 351 1156 eivium3
365 1087 391 1144 si
405 1088 539 1162 cuiquam
552 1088 656 1157 ordini,
669 1089 735 1147 sive
748 1094 900 1158 aratorum,
910 1089 974 1146 sive
987 1106 1092 1163 peena-

222 1182 337 1252 riomm‚
350 1185 415 1243 sive
427 1192 618 1245 mercatorum
637 1189 772 1261 probatus
791 1188 847 1245 sit:
867 1187 893 1245 si
912 1204 971 1245 non
989 1188 1092 1246 horum

220 1282 350 1341 omnium
360 1285 521 1342 eommunis
532 1285 631 1352 hostis,
641 1287 804 1359 praedoque
811 1285 910 1342 luerit:
923 1285 1092 1360 sieuiqnam

221 1383 415 1458 deniqueulla
434 1386 466 1444 in
480 1403 511 1444 re
522 1402 658 1461 umquam
670 1384 895 1459 temperaverit:
916 1390 1012 1442 utros
1025 1400 1092 1459 quo·

222 1499 278 1557 que
292 1483 321 1539 ei
331 1485 509 1557 temperetis.

264 1580 323 1654 Qui
335 1581 420 1638 simul
434 1589 520 1656 atque
534 1582 562 1639 ei
586 1585 663 1639 sorte
676 1580 831 1655 provincia
845 1580 949 1639 Sicilia
960 1580 1092 1650 obvenit,

201 1678 320 1764 ‘stetim
334 1680 455 1747 Romae,
469 1686 499 1739 et
513 1682 549 1737 ad
563 1682 673 1756 urbem,
687 1686 841 1756 antequam
855 1681 1092 1754 proficisceretur,

223 1794 360 1852 quaerere
372 1779 435 1853 ipse
449 1798 557 1849 seeum,
581 1786 611 1838 et
625 1782 736 1855 agitare
750 1800 817 1840 eum
830 1782 889 1840 suis
911 1783 1018 1855 eoepit,
1031 1782 1092 1857 qni·

222 1876 345 1934 bnsnam
359 1879 442 1935 rebus
456 1878 488 1958 iu
501 1896 537 1935 ea
550 1880 705 1951 provincia
718 1881 876 1937 maximam
889 1896 1034 1938 unoanuo
1044 1897 1093 1954 pe·

176 1997 184 2006 ··
222 1976 341 2033 ueniam
360 1975 458 2031 lacere
486 1980 592 2047 posset.
633 1977 763 2032 Nolebst
783 1977 815 2033 in
839 1977 954 2048 agendo
980 1978 1094 2035 diseere
1179 2009 1182 2016 ·

194 2142 199 2146 ῃ
222 2069 356 2150 (tametsi
368 2088 428 2130 non
442 2072 613 2144 provinciae
627 2074 705 2130 rudis
724 2078 786 2130 erat
798 2078 829 2130 et
848 2070 918 2151 tiro)
936 2075 988 2131 sed
1001 2074 1033 2131 in
1048 2074 1094 2131 Si·

224 2169 326 2229 ciliam
339 2173 452 2243 paratus
470 2186 506 2227 ae
520 2172 654 2244 praedam
668 2172 878 2248 meditatusque
892 2173 994 2231 venire
1014 2173 1094 2247 eupi-

225 2269 302 2326 abat.
342 2270 370 2327 0
385 2270 532 2344 praeclare
553 2270 720 2345 eonjeetum
740 2288 759 2328 a
780 2273 869 2348 vulgo
881 2271 912 2330 in
936 2272 1019 2330 illam
1031 2290 1094 2347 pro·

223 2367 355 2437 uineiam
367 2385 454 2427 omen
467 2371 631 2428 eommunis
644 2371 739 2428 lamae
752 2376 839 2445 atque
847 2373 1006 2428 sermonis!
1026 2387 1095 2429 eum

225 2484 264 2525 ex
279 2468 397 2529 nomine
407 2467 491 2524 istius
504 2468 573 2541 quid
583 2467 616 2524 in
626 2467 781 2539 provincia
793 2467 918 2524 lecturus
932 2475 1019 2534 esset,
1034 2486 1094 2540 per·

222 2565 348 2632 >ridieule
367 2564 500 2621 homines
524 2566 743 2638 augurabantur.
784 2564 913 2622 Etenim·
927 2565 991 2638 quis
1014 2565 1095 2623 uubi-

225 2667 289 2721 tare
302 2664 408 2733 posset,
421 2677 488 2719 eum
502 2661 586 2719 istius
609 2661 640 2718 in
654 2666 807 2734 quaestura
828 2662 927 2736 lugam
940 2669 970 2721 et
988 2663 1095 2723 lurtum

225 2762 464 2833 recognoscerem
491 2776 557 2817 eum
583 2759 617 2815 in
644 2759 800 2832 legatione,
821 2760 991 2833 oppidemm
1016 2762 1095 2819 lano

225 2876 345 2934 rumque
372 2855 560 2933 spoliationes
583 2856 743 2931 cogitarem
763 2874 830 2915 eum
844 2857 956 2916 videret
981 2860 1096 2916 in'toro

224 2957 380 3017 latroeinia
394 2961 560 3030 praeturae:
581 2955 673 3030 qualis
687 2955 781 3012 istein
797 2959 897 3028 quarto
907 2962 973 3014 aetn
992 2957 1125 3038 improp
1185 2964 1186 2967 ’

214 3055 325 3115 uitatis
339 3055 448 3115 luterus
470 3059 557 3114 esset.
601 3055 699 3129 Atque
713 3059 746 3112 ut
763 3053 943 3128 intelligatis,
956 3074 1023 3114 eum
1037 3059 1094 3116 Ro·

225 3170 292 3211 mue
316 3154 461 3228 quaesisse
475 3172 535 3213 non
548 3155 634 3212 modo
653 3171 762 3228 genera
786 3152 908 3222 furandi,
929 3157 980 3212 sed
1006 3157 1096 3218 etiam

226 3249 554 3315 nomina,eertissirnum
563 3253 690 3326 aecipite
698 3258 906 3326 argumentum,
916 3273 973 3330 quo
981 3256 1094 3315 facilins

214 3348 265 3404 ‚sle
279 3345 417 3418 singulari
425 3347 487 3419 ejus
499 3349 679 3420 impudentia
689 3351 856 3412 existimare
867 3353 991 3426 possitis.
1027 3356 1095 3426 Quo

227 3445 277 3502 die
296 3441 318 3474 ¹³
327 3443 460 3502 Siciliam
470 3445 576 3518 tetigit,
596 3443 719 3517 (videte,
732 3451 841 3507 satisne
859 3459 974 3523 paratus
988 3469 1027 3508 ex
1042 3451 1095 3509 illo

226 3542 326 3602 omine
339 3543 458 3611 urbano,
479 3544 516 3600 ad
540 3544 730 3602 everrendam
750 3549 932 3621 provineiam
956 3545 1095 3626 venerit)

257 3676 493 3749 ussammrsqu]
516 3677 622 3749 ‘sicera
648 3680 803 3730 semem
836 3680 1095 3754 supermissae

226 3741 452 3856 fflemtexmm
474 3741 542 3788 venit.
572 3736 617 3787 eeu
718 3739 846 3792 mesu.
865 3746 933 3789 etam
951 3739 1094 3788 salsam

223 3866 226 3871 ’
267 3895 339 3938 von.
359 3895 402 3938 iv.
621 3876 698 3937 20*
