2700 4675
453 546 528 597 scr.
544 547 574 598 ιι.
591 545 689 597 mnan
703 544 881 596 sscuuous.
1039 548 1103 613 tls

232 698 324 754 totam
337 692 380 752 sic
393 697 560 764 studiosam,
574 702 605 754 ut
619 697 706 754 lacile
719 699 879 769 appareret,
899 710 959 749 non
971 696 1033 749 tam
1045 693 1104 753 iliis

213 789 220 832 ἶ
236 793 380 861 Siciliam,
398 811 484 868 quam
508 796 627 852 inanem
653 794 843 858 offenderant,
867 809 953 866 quam
981 792 1106 849 Verrem

237 890 340 965 ipsum,
353 891 402 966 qui
415 894 517 966 plenus
527 893 702 959 decesserat,
716 890 898 965 provinciam
910 889 1007 947 luisse.
1049 890 1106 948 Mi·

235 990 301 1049 nari
325 991 442 1058 Siculis,
469 990 495 1047 si
519 991 687 1049 decressent
714 989 883 1064 legationes,
906 1006 980 1063 quae
1003 993 1107 1047 contra

237 1086 325 1145 istum
335 1088 482 1148 dicerent:
497 1088 611 1157 minari,
625 1088 712 1164 siqui
726 1094 823 1146 essent
837 1088 976 1162 proiecti:
991 1088 1066 1155 aliis,
1080 1088 1106 1146 si

236 1187 396 1255 laudarent,
415 1188 622 1264 benignissime
636 1188 803 1262 promittere
814 1185 827 1244 ε’
842 1188 1028 1261 gravissimos
1049 1187 1105 1261 pri·

235 1291 369 1344 vatarum
382 1304 474 1345 rerum
488 1292 586 1355 testes,
599 1287 702 1361 quibus
717 1304 770 1345 nos
784 1287 981 1361 praesentibus
995 1288 1105 1343 denun-

233 1382 380 1453 tiavimus,
407 1404 457 1443 eos
480 1386 512 1444 vi
536 1385 732 1460 custodiisque
756 1385 891 1441 retinere.
932 1385 1016 1457 Quae
1037 1381 1135 1462 cum5

234 1485 334 1544 omnis
346 1486 423 1543 lacta
436 1487 505 1553 sint,
518 1489 617 1542 tamen
628 1502 716 1542 unam
730 1487 820 1541 solam
840 1485 944 1542 scitote
957 1502 1022 1541 esse
1032 1484 1105 1543 civi·

234 1588 325 1641 tatem
340 1582 555 1649 Mamertinam,
575 1600 648 1657 quae
667 1582 784 1657 publice
805 1586 925 1659 legatos,
948 1583 997 1659 qui
1017 1584 1105 1641 istum

233 1683 395 1751 laudarent,
413 1682 533 1739 miserit.
563 1682 634 1756 Ejus
647 1687 745 1741 autem
764 1684 918 1757 legationis
932 1681 1103 1758 principem,

233 1780 363 1840 civitatis
391 1781 611 1850 nobilissimum,
643 1782 679 1839 0.
709 1781 824 1855 Hejum‚
849 1783 978 1856 juratum
1003 1782 1103 1839 dicere

232 1880 371 1938 audistis:
392 1879 442 1937 isti
461 1897 568 1936 navem
580 1880 743 1936 onerariam
759 1882 926 1947 maximnm,
946 1880 1102 1937 Messanae

233 1996 308 2045 esse,
335 1978 451 2050 publice
477 1977 588 2034 coactis
615 1976 721 2049 operis,
747 1977 938 2033 aedificatam.
968 1978 1101 2051 idemque

236 2074 476 2134 Mamertinorum
503 2076 625 2148 legatus,
648 2073 732 2130 istius
761 2074 899 2143 laudator,
923 2093 982 2132 non
1009 2079 1101 2134 solum

231 2173 319 2230 istum
330 2174 405 2229 buna
418 2190 478 2239 sua,
489 2190 590 2231 verum
604 2172 694 2230 etiam
705 2190 796 2241 sacra,
805 2170 825 2205 ¹¹
833 2174 959 2249 deosque
969 2182 1100 2249 penates,
1194 2192 1197 2198 ’

231 2271 418 2346 amajoribus
439 2272 567 2342 traditos,
583 2291 621 2329 ex
644 2273 762 2330 aedibus
783 2273 842 2331 suis
861 2274 999 2349 eripuisse
1013 2276 1098 2333 dixit.

230 2371 386 2431 Praeclara
409 2373 547 2440 laudatio,
571 2390 638 2429 cum
657 2373 766 2428 duabus
787 2376 819 2430 in
840 2376 924 2430 rebus
939 2377 1099 2447 legatorum

208 2486 289 2529 una
301 2486 390 2542 opera
410 2469 597 2535 consumitur,
616 2470 648 2525 in
667 2470 811 2526 laudando
832 2477 917 2543 atque
931 2475 1097 2542 repetendo.

229 2568 329 2640 Atque
343 2583 379 2622 ea
398 2565 462 2638 ipsa
475 2565 583 2622 civitas
596 2583 652 2638 qua
665 2566 777 2621 ratione
795 2566 839 2622 illi
852 2567 947 2623 amica
960 2569 1007 2635 sit,
1021 2570 1099 2626 dice

228 2669 277 2722 tur
290 2668 371 2719 certo
390 2665 465 2720 loco.
507 2661 670 2734 Reperietis
694 2663 782 2730 enim,
802 2682 875 2738 quae
889 2683 995 2723 causae
1020 2669 1098 2727 beni-

229 2759 379 2819 volentiae
389 2760 449 2817 siut
459 2759 642 2818 Mamertinis
653 2778 722 2835 erga
735 2761 830 2828 istum,
845 2781 895 2819 ens
907 2763 984 2834 ipsas
994 2783 1096 2824 causas

227 2859 297 2917 satis
305 2859 401 2932 justas
415 2877 478 2916 esse
497 2857 702 2916 damnationis.
744 2859 814 2916 Alia
827 2861 933 2917 civitas
955 2865 1097 2937 nullaju·

227 2957 318 3027 dices,
329 2961 446 3032 publico
459 2956 584 3017 consilio
595 2958 702 3014 laudat.
736 2958 793 3014 Vis
803 2957 853 3015 illu
865 2959 970 3017 summi
982 2961 1096 3034 imperii

226 3059 338 3116 tuntum
351 3060 445 3132 potuit
458 3059 534 3134 apud
548 3074 706 3131 perpaucos
720 3057 862 3124 homiues,
876 3076 935 3115 non
949 3059 1095 3132 civitates,

224 3158 258 3211 nt
270 3165 319 3210 aut
328 3154 470 3215 levissimi
479 3156 596 3232 quidam
610 3174 648 3214 ex
659 3155 826 3214 miserrimis
837 3157 1094 3236 desertissimisque

225 3251 340 3324 oppidis
363 3254 572 3322 invenirentur,
597 3255 646 3330 qui
664 3255 776 3329 injussu
798 3255 896 3328 populi
917 3274 953 3314 ac
977 3267 1093 3317 senatus

225 3347 491 3424 proficiscerentur:
505 3360 555 3407 aut
568 3351 600 3418 ii,
613 3352 663 3425 qui
673 3361 775 3410 contre
788 3353 875 3410 istum
884 3355 973 3428 legati
983 3358 1094 3414 decreti

226 3450 320 3512 erant,
342 3450 372 3502 et
386 3446 583 3504 testimonium
601 3449 749 3521 publicum
769 3454 953 3510 demandata
973 3471 1094 3526 accepe-

259 3598 279 3630 ¹¹
293 3598 486 3668 deesqaepeaatm
499 3613 513 3644 u
528 3600 650 3670 mojorilm
664 3600 774 3664 amaru]
805 3605 866 3650 Am.
884 3609 912 3650 tr.
929 3605 983 3650 mihi
999 3605 1094 3662 glossam

220 3671 301 3720 sapere
310 3671 358 3703 viss
367 3663 424 3704 sum.
455 3661 538 3705 ttmnes
547 3672 606 3705 emm
621 3665 713 3718 penates
725 3661 782 3708 tales
792 3668 854 3709 sunt:
869 3662 999 3732 proquibos
1009 3663 1044 3707 ais·
1054 3677 1094 3719 pn·

225 3718 276 3830 ιιυῶ
285 3716 400 3826 ἓὲἱυιιιὲιιᾶἑ
416 3719 441 3764 et
449 3720 500 3765 sunt
508 3717 555 3771 ulia
563 3717 621 3768 telis
634 3716 701 3767 initis
714 3719 778 3769 libris
787 3720 894 3779 Verrinrs,
907 3735 965 3781 quse
973 3725 998 3767 et
1009 3720 1094 3770 muri-
