2700 4675
573 559 751 613 numism.
1039 564 1100 628 tul

228 708 273 767 uti
285 723 353 766 oum
377 723 521 767 summum
541 707 574 767 in
595 708 743 766 veteribus
765 705 896 782 patronis
920 706 1103 777 mutilatum

228 807 402 864 nonnullum
414 806 505 864 etism
517 806 549 863 in
563 823 611 863 me
623 806 799 879 praesidium
812 804 871 862 suis
892 804 1013 862 mannis
1035 821 1103 865 cou-

229 904 362 962 stitutum
375 920 440 960 csse
453 902 670 961 arbitrarentur.
713 902 769 976 Qui
781 920 859 961 nuno
873 901 1004 977 populati
1016 907 1103 979 atque

233 1001 347 1069 vexati,
360 1000 461 1058 cuncti
475 1000 512 1057 ad
533 1017 581 1057 me
594 1000 709 1075 publice
722 1018 810 1077 saepe
824 1007 977 1070 venerrrnt,
990 1006 1023 1059 ut
1040 1018 1104 1060 sua·

234 1115 298 1157 rum
311 1099 486 1158 leaenarum
498 1098 626 1156 omnium
639 1115 757 1158 causam
770 1099 1026 1177 defensionemque
1043 1117 1103 1159 sus·

228 1198 380 1270 ciperem:
400 1214 544 1271 messapo
557 1214 621 1255 esse
640 1198 813 1271 pollicitum,
825 1216 913 1273 saepe
931 1198 1096 1257 ostendisse

232 1295 378 1363 dicebant,
398 1296 424 1352 si
443 1297 518 1370 quod
537 1294 671 1369 ¹tempus
695 1296 862 1363 accidisset,
888 1314 946 1372 quo
971 1300 1102 1371 tempore

230 1393 339 1468 aliquid
358 1410 376 1451 a
395 1411 443 1452 me
466 1393 656 1468 requirerent,
669 1392 830 1451 commodis
850 1410 949 1450 eorum
972 1410 1020 1451 me
1043 1411 1103 1453 non

226 1491 400 1550 defuturum.
453 1490 583 1548 Venisse
609 1495 723 1564 tempus
748 1492 876 1566 ajebant,
903 1508 964 1548 non
980 1489 1046 1565 jam
1071 1497 1104 1549 ut

225 1591 380 1648 commoda
394 1605 455 1657 sua,
469 1590 521 1646 sed
535 1594 567 1646 ut
580 1588 674 1647 vitam
688 1592 867 1665 salutemque
881 1589 969 1647 totius
986 1590 1103 1664 provin·

225 1689 291 1748 siae
312 1688 519 1746 defenderem:
540 1705 604 1745 sese
625 1686 691 1762 jam
713 1706 753 1746 ne
774 1688 845 1746 deos
858 1688 976 1765 quidem
996 1688 1028 1746 in
1042 1689 1102 1747 auis
1130 1732 1133 1737 .

225 1786 352 1853 urbibus,
374 1788 412 1844 ad
439 1804 509 1860 quos
532 1787 735 1861 confugerent,
755 1787 881 1844 haberet
900 1788 977 1863 quod
1002 1804 1102 1846 eorum

226 1884 381 1941 simulacre
393 1884 578 1942 sanctissime
591 1884 628 1941 O.
642 1884 752 1942 Verres
774 1901 814 1940 ex
833 1884 960 1942 delubris
985 1884 1102 1959 religio·

229 1982 353 2040 sissimis
366 1982 538 2040 sustulisset.
553 1999 624 2057 quas
637 1998 683 2039 res
701 1982 830 2038 luxuries
850 1981 882 2039 in
902 1982 1029 2056 flagitiis,
1041 1999 1103 2041 oru-

230 2079 337 2140 delitas
350 2080 382 2138 in
395 2079 556 2153 suppliciis,
583 2079 709 2137 eventia
728 2078 760 2136 in
780 2078 898 2153 rapinis,
925 2079 1058 2153 superbia
1070 2080 1104 2139 in

229 2178 415 2239 contumeliis
427 2178 542 2237 allicere
555 2176 705 2252 potuisset,
716 2194 766 2234 eas
779 2194 880 2236 omnes
899 2195 964 2236 sese
977 2178 1034 2236 hoc
1043 2195 1102 2237 uua

224 2283 357 2356 praetore
367 2296 419 2353 per
432 2277 589 2335 triennium
603 2278 757 2352 pertulisse
771 2296 778 2333 :
798 2293 900 2352 rogare
915 2281 946 2334 et
958 2293 1050 2346 orare,
1061 2294 1100 2334 ne

224 2377 291 2436 iilos
304 2378 449 2452 supplices
469 2392 647 2450 aspernarer,
661 2393 742 2450 quos,
757 2392 804 2433 me
825 2375 975 2445 incolumi,
989 2375 1102 2435 nemini

225 2476 373 2551 supplicas
393 2493 458 2532 esse
482 2476 638 2547 oporteret.
680 2473 755 2528 Tuli
775 2471 906 2544 graviter
928 2477 960 2528 et
986 2474 1133 2546 acerbe‚2

218 2574 346 2649 judices,
364 2571 421 2628 8iu
448 2587 515 2627 enm
540 2587 588 2627 me
612 2570 711 2625 iocum
732 2567 901 2636 adductum,
924 2573 959 2628 ut
978 2575 1029 2626 aut
1051 2585 1102 2627 eos

228 2669 362 2727 homines
375 2683 441 2741 spes
456 2668 579 2734 falleret,
593 2664 642 2741 qui
658 2681 744 2738 opem
757 2681 776 2721 a
789 2682 836 2723 me
860 2670 946 2740 atque
960 2666 1102 2728 auxilium

226 2767 388 2843 petissent:
408 2769 459 2822 aut
471 2782 536 2840 ego,
558 2762 608 2839 qui
621 2778 668 2820 me
692 2764 731 2819 ad
750 2763 948 2822 defendendos
967 2765 1100 2825 nomines

224 2868 263 2925 ab
277 2865 401 2923 ineunte
413 2861 613 2921 adolescentia
631 2861 787 2930 dedissem,
800 2866 929 2936 tempore
942 2867 1028 2938 utque
1042 2863 1101 2921 offi-

226 2965 276 3023 cio
298 2968 416 3022 coactus
444 2963 481 3020 ad
504 2961 701 3019 accusandum
729 2961 904 3018 traducerer.
945 2959 1100 3030 Dicebam,

223 3063 331 3122 habere
358 3079 409 3120 eos
436 3066 563 3119 actorem
585 3060 623 3132 Q.
653 3059 828 3128 Caecilium,
855 3057 905 3135 qui
929 3061 1098 3133 praesertim

222 3166 358 3236 quaestor
370 3161 403 3218 in
417 3160 518 3218 eadem
531 3157 685 3233 provincia
699 3162 768 3232 post
791 3175 838 3216 me
863 3163 1042 3232 quaestorem
1056 3161 1097 3219 iu·

224 3259 306 3316 isset.
348 3259 413 3330 Quo
426 3275 481 3332 ego
492 3257 659 3331 adjumento
667 3258 819 3330 sperabam
827 3258 904 3315 hanc
923 3255 965 3315 ³a
978 3276 1025 3316 me
1038 3275 1098 3319 mo·

254 3392 363 3448 ltempus
372 3391 500 3452 occidisset]
531 3391 688 3439 Usitatiusest
703 3391 825 3439 incidissel.
857 3391 902 3440 aed
921 3392 1098 3445 mdderaetiam

229 3449 534 3499 inaliislormisiusolentius
543 3449 631 3497 (Ποίων.

257 3527 366 3574 'incl
377 3527 568 3588 ammonere]
600 3527 648 3574 Ms.
659 3527 704 3574 Gu.
715 3529 765 3574 edd.
792 3543 810 3575 r.
820 3528 911 3587 adduci,
922 3529 977 3576 item
990 3529 1099 3588 interpres

227 3591 295 3634 vetus
305 3601 342 3646 ap.
353 3586 436 3633 Graes.
467 3585 541 3632 aldus
558 3584 642 3644 primus
656 3586 719 3632 dedit
781 3589 935 3650 udum,quod
949 3585 1098 3634 ceterisemti

222 3651 283 3702 arnt,
294 3648 385 3707 praeter
394 3643 453 3690 Itob.
464 3646 488 3689 et
502 3643 556 3689 Gar.
569 3644 646 3704 Steph.
663 3645 701 3706 qui
717 3646 800 3693 adduci
816 3651 938 3694 semrom.
969 3643 1099 3691 Adductum

222 3704 296 3764 nangis
311 3701 421 3750 consentit
430 3700 594 3759 combustioni,
602 3707 629 3749 ut
641 3729 651 3738 -
660 3705 768 3760 ·sollsrcs
777 3731 787 3741 ·
796 3732 806 3740 -
816 3710 873 3752 out·
883 3730 893 3740 ·
902 3702 1038 3750 traducerer.

248 3779 507 3840 ³ome··demoom'.]
537 3779 644 3828 Sieedidi
663 3797 714 3830 enm
732 3784 812 3831 lamb.
832 3797 875 3845 pro
895 3777 1096 3838 dimoom5qnod

227 3834 1101 3900 muloeumuabetinhacsonstmetioneeomalvelmtbod‘amtat

230 3898 291 3947 inter
300 3899 385 3948 doctos.
395 3913 418 3947 v.
432 3897 498 3947 clav.
506 3897 530 3948 in
539 3897 657 3951 demone.

266 3976 338 4019 voa.
353 3979 396 4020 rr.
712 3964 752 4018 rt
761 3959 781 3993 ²*
