2700 4675
278 583 313 637 1⁶
636 570 761 620 offilo

270 720 319 778 sis.
360 721 517 793 Negamus,
531 723 560 776 te
585 720 661 778 bona
676 719 710 775 P.
725 714 850 789 Quintil.
865 714 938 772 Sex.
954 714 1077 786 Naevi,
1091 736 1152 792 pos

213 852 217 861 ·
270 819 379 877 serlisse
403 836 442 876 ex
455 818 554 875 edicto
574 817 723 890 praetoris.
744 816 775 873 in
790 833 826 871 eo
839 811 960 886 sponsio
985 813 1075 873 facta
1098 821 1150 874 est.

270 918 429 975 Ostendam
443 916 574 989 primum,
587 933 705 972 causam
718 931 778 971 non
790 912 885 979 lunae,
905 927 960 967 cur
976 929 997 967 a
1011 920 1152 985 praetore

269 1017 436 1087 postulares,
451 1017 482 1068 ut
496 1015 572 1069 bona
585 1013 620 1068 P.
636 1011 751 1083 Quintii
775 1010 935 1083 possideres
950 1028 958 1064 r
980 1011 1098 1069 deinde
1112 1032 1150 1071 ex

268 1113 366 1168 edicto
380 1116 409 1166 te
422 1109 568 1183 possidere
592 1125 651 1165 non
672 1109 814 1181 potuisse:
836 1113 990 1180 postremo,
1003 1126 1072 1167 nou
1086 1128 1151 1184 pos

267 1208 386 1268 redisse.
429 1209 553 1278 Quaeso,
563 1206 597 1263 C.
615 1190 863 1281 Aquillivosque,
877 1205 926 1279 qui
940 1205 1011 1261 estis
1027 1207 1063 1265 in
1078 1227 1148 1268 con-

267 1305 343 1373 silio,
358 1305 473 1379 utquid
485 1304 630 1377 pollicitus
644 1306 708 1371 sim,
719 1304 875 1377 diligenter
889 1304 1050 1361 memoriae
1066 1325 1147 1364 man·

267 1404 352 1462 detis.
373 1405 483 1463 etenim
504 1422 565 1460 rem
589 1404 703 1461 facilius
728 1408 818 1461 totam
841 1401 1004 1473 accipietis,
1024 1404 1054 1459 si
1069 1405 1146 1461 haec

267 1504 456 1560 memineritis
471 1523 477 1557 ε
499 1509 529 1558 et
543 1519 588 1558 me
603 1503 689 1559 facile
704 1506 802 1558 vestra
824 1499 1043 1556 existimatione
1059 1520 1145 1560 reve

267 1602 380 1666 cubitis,
394 1601 420 1655 si
433 1606 517 1657 extra
540 1602 592 1655 lios
616 1602 764 1655 cancellos
787 1598 886 1671 egredi
910 1599 1049 1665 conabor,
1071 1619 1144 1675 quos

267 1696 340 1754 mihi
353 1697 415 1768 ipse
429 1697 616 1752 circumdedi.
659 1697 746 1768 Nego
768 1696 855 1752 luisse
869 1713 995 1763 causam,
1009 1714 1065 1755 eur
1078 1717 1143 1771 pos·

267 1796 391 1851 tularet:
411 1812 487 1867 nego
501 1812 538 1850 ex
554 1794 651 1850 edicto
662 1794 809 1866 possidere
819 1794 962 1867 potuisse:
983 1813 1063 1869 nego
1078 1817 1143 1872 pos-

267 1893 386 1950 sedisse.
408 1894 480 1950 haec
496 1892 550 1950 tria
564 1910 630 1949 cum
644 1894 779 1960 docuero,
793 1895 941 1966 perorabo.

217 2004 251 2061 11
306 1994 375 2049 Nou
389 1992 441 2050 luit
462 2010 557 2061 causa,
578 2009 629 2050 eur
648 1996 816 2067 postulares.
859 1992 917 2064 Qui
931 1993 987 2048 hoc
1008 1991 1141 2071 intelligi

265 2089 381 2163 potest?
403 2092 480 2161 Quia
495 2093 565 2147 Sex.
581 2091 707 2158 Naevio,
721 2110 814 2165 neque
828 2109 867 2147 ex
881 2090 1030 2147 societatis
1050 2096 1141 2152 ratio·

265 2205 313 2252 ne,
327 2205 420 2258 neque
434 2188 570 2257 privatim
585 2189 738 2259 quidquam
751 2188 851 2242 debuit
872 2188 1019 2256 Quintius.
1062 2193 1138 2265 Quis

263 2283 332 2340 huic
347 2282 389 2339 rei
409 2282 490 2340 testis
504 2281 568 2340 est?
588 2283 675 2350 idem,
696 2284 745 2356 qui
765 2283 920 2341 acerrimus
940 2287 1137 2350 adversarius.

265 2382 301 2455 ln
313 2384 367 2446 hac
382 2401 412 2444 re
425 2388 464 2454 te,
478 2388 517 2452 te,
530 2382 658 2459 inquam,
671 2386 785 2450 testem,
799 2383 907 2451 Naevi,
921 2386 1029 2444 citabo.
1072 2378 1138 2451 A'n.

264 2508 343 2558 num,
358 2493 436 2546 eleo
463 2487 578 2547 diutius,
601 2489 665 2558 post
693 2488 813 2541 mortem
842 2484 877 2541 C.
893 2486 1007 2556 Quintii
1021 2487 1075 2545 luit
1105 2493 1139 2550 in

265 2591 365 2647 Gallia
379 2595 475 2645 tecum
488 2588 572 2644 simul
595 2584 740 2658 Quintius.
761 2587 843 2651 doce,
864 2590 892 2641 te
907 2586 1025 2669 petiisse
1046 2590 1083 2644 ab
1099 2609 1140 2648 eo

264 2689 359 2753 istam,
373 2687 473 2742 nescio
487 2702 579 2757 quam,
600 2685 839 2741 innumerabilem
859 2685 1027 2757 pecuniam:
1049 2689 1137 2759 doce,

265 2784 419 2857 aliquando
432 2782 608 2839 mentionem
621 2781 742 2838 fecisse:
756 2782 865 2839 dixisse
876 2784 982 2840 deberi.
997 2785 1137 2845 debuisse

265 2883 435 2943 concedam.
476 2878 599 2936 Moritur
627 2880 661 2936 C.
691 2880 842 2951 Quintius:
863 2883 911 2956 qui
939 2880 999 2945 tibi,
1018 2884 1050 2934 ut
1077 2883 1134 2951 ais,

265 2980 351 3038 certis
365 2979 529 3038 nominibus
543 2979 681 3049 grandem
692 2979 845 3049 pecuniam
855 2981 962 3038 debuit.
972 2979 1052 3034 heres
1068 2979 1134 3051 eius

265 3077 299 3134 Ρ.
315 3078 451 3147 Quintius
465 3077 495 3133 in
517 3074 645 3130 Galliam
666 3075 703 3130 ad
717 3080 746 3131 te
765 3076 859 3149 ipsum
877 3080 959 3135 venit
979 3078 1010 3135 iu
1030 3094 1134 3150 agrum

265 3191 463 3230 communem:
486 3190 521 3228 eo
535 3170 668 3244 denique,
684 3172 733 3229 ubi
748 3192 805 3231 non
828 3178 913 3233 modo
929 3195 975 3232 res
995 3182 1065 3243 erat,
1080 3182 1134 3237 sed

264 3270 338 3327 ratio
364 3287 474 3343 quoque
501 3267 604 3334 omnis,
624 3274 654 3325 et
681 3287 781 3328 omnes
804 3273 927 3328 litterae.
970 3275 1043 3347 Quis
1071 3281 1133 3335 tam

264 3368 418 3424 dissolutus
431 3367 462 3423 in
476 3385 506 3424 re
521 3364 655 3424 familiari
674 3367 783 3436 luisset,
802 3370 865 3442 quis
890 3375 948 3426 tam
970 3373 1133 3445 negligens,

265 3465 327 3541 quis
342 3470 400 3522 tam
414 3464 464 3532 tui,
487 3466 589 3530 Sexte,
609 3466 768 3533 dissimilis,
787 3468 844 3541 qui,
871 3486 938 3524 cum
958 3487 1002 3526 res
1023 3473 1060 3527 ab
1087 3491 1135 3543 eo,

265 3564 380 3638 quicum
394 3563 595 3627 contraxisset,
615 3564 791 3631 recessisset,
807 3569 837 3620 et
857 3566 894 3620 ad
914 3567 1050 3624 heredem
1070 3588 1133 3641 per·

265 3663 404 3729 venisset,
419 3678 475 3717 non
491 3660 635 3729 heredem,
656 3682 723 3720 cum
743 3663 864 3735 primum
885 3664 1016 3732 vidisset,
1030 3668 1134 3724 certio-

265 3778 326 3818 rem
338 3756 466 3819 saeeret?
484 3759 642 3847 appellaret
654 3759 666 3820 i
680 3762 821 3818 rationem
834 3762 968 3820 afferret?
981 3765 1007 3822 si
1020 3765 1088 3838 quid
1099 3765 1133 3823 in
