2700 4675
559 582 739 636 Bwlllt'rlot
1033 590 1096 652 143

220 734 391 802 defendere,
404 731 487 808 crpus
500 731 572 791 fides
586 737 631 792 est
644 731 730 791 nobis
742 729 878 805 cognita:
900 744 1000 789 nonne
1012 731 1044 789 id
1056 732 1098 790 di·

228 837 341 900 carent,
375 832 451 905 quod
480 830 576 889 cuivis
608 832 730 903 probare
760 825 920 886 deberent?
941 846 1020 887 nrmc
1042 830 1099 888 hoc

227 930 347 991 dicunt:
369 932 674 1004 utrumquesenosser
696 929 818 984 alterum
831 944 863 985 se
876 944 982 1002 cupere
1001 927 1100 987 deten-

229 1044 326 1087 sorem
340 1044 405 1085 esse
429 1027 606 1084 fortunamm
621 1041 742 1093 suarum,
760 1028 881 1084 alterum
895 1028 981 1100 plane
1010 1019 1100 1084 nolle.

230 1125 293 1186 Cur
307 1124 410 1192 nolint,
422 1122 557 1182 ⁹etiamsi
580 1130 688 1192 tacent,
708 1124 779 1183 satis
793 1124 903 1183 dicunt.
925 1140 1026 1183 verum
1039 1142 1101 1184 non

231 1228 343 1282 tacent.
364 1228 461 1282 tamen
484 1223 529 1280 bis
553 1223 736 1281 invitissimis
758 1228 788 1280 te
809 1220 938 1281 offeres?
957 1228 1056 1282 tamen
1069 1224 1102 1284 iu

228 1321 327 1380 aliena
343 1339 431 1381 causa
453 1319 596 1398 loquere?
616 1328 716 1379 tamen
730 1339 780 1379 eos
794 1322 941 1388 defendes,
954 1323 1004 1396 qui
1020 1340 1052 1379 se
1065 1324 1103 1379 ab

230 1421 364 1480 omnibus
377 1423 505 1479 desertos
525 1422 631 1493 potius,
652 1437 738 1494 quam
760 1420 812 1476 abs
835 1423 865 1475 te
889 1420 1022 1476 defensos
1040 1436 1105 1476 esse

231 1520 367 1593 malunt?
387 1528 485 1581 tamen
509 1520 554 1579 his
579 1537 697 1593 operam
723 1526 801 1577 tuam
816 1519 999 1592 pollicebere,
1013 1518 1062 1593 qui
1075 1524 1105 1577 te

229 1620 252 1655 ¹⁹
260 1640 353 1696 neque
367 1623 446 1680 velle
459 1636 540 1678 suam
551 1636 679 1688 causam,
692 1634 758 1685 nec,
772 1618 797 1675 si
811 1617 920 1691 cupias,
932 1635 1017 1691 posse
1032 1615 1106 1674 arbi·

229 1717 362 1780 trantur?
383 1720 443 1779 Cur
456 1736 554 1777 eorum
568 1736 649 1791 spem
671 1700 807 1791 exignum
828 1717 1001 1791 reliquamm
1020 1716 1107 1774 sortir-

235 1834 348 1885 narum,
361 1834 447 1892 quam
460 1818 569 1875 habent
580 1817 614 1873 ia
623 1817 696 1889 legis
708 1822 738 1871 et
745 1816 852 1888 judicii
866 1816 1023 1872 severitate
1034 1813 1108 1886 pssi-

236 1918 309 1981 tam‚
319 1914 352 1972 vi
365 1920 534 1987 extorquere
544 1913 657 1970 conans
668 1911 681 1968 ‘l
694 1918 783 1968 curte
793 1912 962 1983 interponis,
970 1910 1111 1969 invitissi-

238 2011 295 2074 mis
305 2010 467 2083 his‚quibus
478 2009 603 2065 maxime
615 2011 664 2065 lex
674 2011 837 2065 consultum
848 2005 1001 2065 essevnlt?
1013 2024 1065 2064 cur
1074 2008 1111 2065 de

237 2106 342 2183 quibus
362 2105 395 2163 in
408 2104 560 2179 provincia
574 2123 633 2163 non
647 2106 756 2179 optime
776 2124 807 2163 es
827 2106 954 2174 meritus,
969 2123 1019 2163 eos
1033 2122 1112 2163 nunc

240 2206 329 2282 plane
343 2204 462 2263 fortunis
475 2204 606 2263 omnibus
620 2203 734 2262 conaris
748 2202 902 2263 evertere?
920 2222 972 2263 cur
985 2204 1031 2262 his
1051 2222 1112 2263 non

240 2305 327 2364 modo
340 2303 530 2379 persequendi
536 2303 611 2378 juris
624 2303 679 2372 sui,
689 2305 741 2362 sed
755 2304 844 2362 etiam
857 2304 1053 2379 deplorandae
1063 2320 1114 2362 ca·

238 2403 378 2463 lenitatis
395 2403 497 2462 adimis
512 2401 708 2478 potestatem?
735 2401 756 2434 ¹¹
767 2405 856 2470 Num,
865 2408 896 2458 te
907 2407 1015 2469 actore,
1027 2419 1114 2476 quem

241 2502 503 2562 eorumnffuturum
512 2508 606 2574 putas,
616 2499 845 2574 quosintelligis,
853 2517 913 2556 non
923 2502 1014 2572 utper
1023 2504 1053 2556 te
1064 2499 1115 2557 ali·
1185 2536 1188 2540 -

240 2616 301 2667 um,
311 2601 364 2657 sed
373 2604 407 2655 ut
417 2616 469 2672 per
482 2597 609 2672 aliquem
622 2596 756 2668 teipsum,
767 2597 953 2664 ulciscantur,
963 2590 1115 2655 laborare?

285 2698 331 2757 At
343 2696 423 2754 enim
436 2697 529 2753 solum
543 2693 573 2751 id
586 2699 640 2763 est,
653 2697 686 2751 ut
696 2711 743 2751 me
757 2693 850 2752 Siculi
863 2694 990 2753 maxime
1004 2695 1113 2755 velint:
1126 2712 1145 2777 7

243 2798 368 2854 alterum
381 2795 463 2862 illud,
473 2794 571 2862 credo,
584 2795 737 2851 obscurum
750 2797 803 2861 est,
817 2810 903 2868 aquo
911 2795 1019 2853 Verres
1032 2795 1116 2854 mini·
1131 2805 1136 2811 ’

246 2913 295 2955 me
307 2913 339 2952 se
353 2892 485 2953 accusari
498 2892 582 2950 velit.
623 2891 733 2967 Ecquis
756 2909 890 2966 umquam
901 2897 960 2950 tam
970 2895 1067 2966 palam
1079 2894 1117 2951 de

247 2975 435 3062 honoratam
443 2993 635 3053 vehementer
647 2993 685 3050 de
695 2993 788 3049 salute
801 3008 854 3047 sua
863 2991 1022 3061 contendit,
1032 3009 1118 3067 quam

276 3146 482 3207 ⁹etr'nmsttccent.]
513 3145 550 3192 iiie
568 3145 636 3193 habet
655 3144 772 3201 Asmuim,
792 3149 861 3202 recte,
872 3145 989 3203 utjudicat
998 3145 1116 3195 Gruterus.

248 3205 309 3254 Fdd.
321 3220 354 3265 pr.
365 3204 560 3261 habentinam,
571 3205 631 3264 quod
644 3203 703 3249 male
713 3204 797 3264 recepit
806 3203 929 3263 Graevius3
945 3207 1083 3266 nequeenim
1091 3205 1119 3253 si-

247 3263 284 3313 nit
302 3264 361 3309 ratio
370 3268 502 3323 temporum
533 3263 599 3322 Sequi
618 3262 711 3308 deberet
726 3263 831 3309 discent.
863 3264 913 3309 Nec
930 3264 1020 3322 vulgatu
1034 3268 1119 3312 metunt

249 3336 307 3367 vera
316 3324 357 3376 est,
366 3320 408 3367 etsi
416 3321 502 3375 melior,
512 3333 576 3380 quam
587 3323 688 3368 narem.
705 3320 752 3366 Me.
763 3321 852 3382 quidem
861 3321 905 3369 Gn.
912 3322 980 3369 babet
990 3328 1079 3372 lccmnt.

281 3400 304 3431 ¹⁰
318 3412 386 3456 neque
395 3399 523 3444 odiernum
532 3397 636 3457 musam]
668 3395 706 3442 Sic
721 3398 773 3443 edd.
784 3402 840 3445 vett.
854 3403 879 3446 et
893 3416 934 3446 ser.
966 3401 992 3448 ln
1020 3403 1121 3449 uosiiu·

251 3457 367 3514 telligase
390 3455 555 3502 mandentibus
564 3455 689 3513 offndero,
698 3459 760 3501 recte
768 3457 843 3503 omnia
857 3472 882 3504 se
895 3459 984 3506 habent.
1036 3465 1122 3506 orlasse

252 3513 343 3564 excidit.
406 3530 422 3560 s.
442 3513 531 3619 widem
549 3513 629 3560 nnuc.
647 3513 711 3559 addit
729 3515 795 3562 rust.
825 3516 934 3564 Graevius
949 3520 1047 3565 malebat
1062 3517 1122 3564 mlle

253 3571 345 3622 musam
355 3573 421 3619 lueri.
526 3575 573 3619 bun
588 3571 677 3632 quidem
694 3574 750 3620 velle
765 3587 807 3622 nso
825 3588 892 3622 muso
906 3577 1052 3630 estalionum,
1063 3572 1123 3634 quod

251 3637 344 3681 tantum
350 3629 526 3677 benevolentiam
535 3629 625 3677 indicat.

282 3711 304 3744 ¹¹
319 3709 399 3768 Nam]
431 3708 489 3755 Edd.
501 3723 534 3768 pr.
546 3722 615 3766 nunc,
625 3724 666 3770 pro
676 3724 720 3771 quo
729 3709 784 3757 bene
794 3711 904 3761 Graevius
920 3727 933 3759 e
942 3713 990 3760 Ms.
1000 3713 1039 3758 Fr.
1051 3708 1124 3766 Num,

254 3784 396 3892 magidi&
405 3768 461 3876 {dil
467 3782 610 3877 melre
626 3770 737 3819 multarum
745 3775 780 3819 est
788 3787 857 3822 nune.
888 3772 951 3821 Nam
963 3775 999 3818 est
1011 3769 1040 3816 sb
1054 3767 1123 3826 aldo.
