2700 4675
438 577 510 625 ACT.
528 579 557 626 ll.
574 579 671 627 LIBER
686 578 861 629 SECUNDUS.
1019 582 1083 640 369

215 731 309 774 suram
323 735 340 776 a
354 720 524 796 Carpinatio
534 726 647 794 secisse,
657 726 706 801 qui
718 726 870 799 pecuniam
884 723 971 781 Verri
989 722 1083 779 dedis·

215 824 289 871 sent.
331 818 395 876 Erit
410 824 492 879 vobis
513 827 577 880 luce
594 825 709 893 clarius,
724 824 926 897 jndices,oum
942 839 991 878 eos
1005 821 1083 892 ipsos

215 914 383 983 produxero,
393 920 442 992 qui
449 922 598 979 dederunt.
609 922 779 996 intelligetis
787 922 875 988 enim,
885 922 937 978 illa
945 928 1083 991 tempora,

216 1025 363 1083 perquire,
379 1032 444 1074 cum
459 1026 556 1077 essent
569 1020 600 1078 iu
615 1022 752 1093 periculo,
763 1021 855 1094 pretio
871 1038 935 1077 sese
956 1019 1087 1074 redama

214 1113 289 1173 runt,
313 1127 379 1169 cum
401 1116 549 1174 societatis
577 1118 683 1175 tabulis
706 1137 764 1176 non
788 1122 881 1177 solum
907 1116 1082 1183 consulibus,

216 1215 419 1270 verumetiam
441 1215 595 1281 mensibus,
615 1205 785 1275 convenire.

256 1311 330 1367 Cum
345 1313 418 1368 baec
432 1313 559 1369 maxime
573 1331 823 1388 cognosceremus,
837 1316 866 1368 et
875 1312 940 1383 jam
949 1312 980 1368 in
992 1310 1081 1367 mani·

215 1409 266 1465 bus
287 1412 398 1465 tabulas
420 1411 607 1475 haberemus3
628 1414 747 1481 repente
768 1409 942 1481 adspicimus
962 1408 1081 1464 ⁴lituras

215 1506 364 1577 ejusmodi,
378 1505 458 1579 quasi
469 1507 608 1579 quaedam
623 1509 743 1563 vulnera
757 1507 927 1562 tabellarum
941 1504 1080 1562 recentia.

216 1602 323 1660 Statim
336 1603 500 1675 suspicione
515 1603 625 1670 offensi,
640 1605 675 1659 ad
697 1621 732 1660 ca
757 1604 820 1676 ipsa
840 1602 958 1659 nomina
981 1604 1082 1659 oculos

215 1700 398 1775 animumque
418 1702 622 1759 transtulimus.
662 1702 754 1760 Erant
777 1707 917 1776 acceptae
938 1692 1094 1776 pecuniae

215 1816 236 1853 A
251 1816 276 1853 c.
289 1817 447 1856 vunauuro
467 1820 492 1857 e.
508 1818 536 1856 a.
557 1800 599 1857 sic
623 1806 731 1868 tamen,
750 1807 883 1874 utusque
904 1803 940 1856 ad
960 1803 1082 1857 altarum

216 1895 253 1961 R,
268 1894 380 1951 litterae
395 1903 562 1952 constarent
575 1897 715 1969 integrae,
729 1898 856 1969 reliquae
869 1912 970 1951 omnes
983 1900 1082 1952 essent

214 1992 245 2047 in
259 1992 353 2050 litura.
375 1995 505 2059 alterum,
524 1993 649 2061 tertium,
673 1998 812 2067 quartum,
834 1995 976 2065 permulta
999 1996 1082 2049 erant

214 2090 420 2162 ejusdemmodi
434 2090 560 2149 nomina.
603 2092 677 2148 Cum
702 2091 854 2147 manifesta
875 2108 928 2157 res,
948 2095 1008 2146 tum
1033 2088 1081 2145 tla-

213 2187 318 2261 gitiosa
332 2190 490 2246 tabularum
505 2193 589 2264 atque
603 2189 725 2263 insignis
746 2189 891 2263 turpitudo
913 2193 1080 2245 tenereturr

214 2302 350 2358 quaerere
370 2284 531 2362 incepimus
555 2290 592 2346 de
615 2288 793 2362 Carpinatio,
821 2287 972 2363 ⁵quisnam
1004 2282 1081 2345 esset

213 2381 238 2438 is
253 2384 414 2453 Venutius,
428 2387 543 2457 quicum
557 2391 655 2443 tantae
674 2387 816 2458 pecuniae
829 2387 971 2442 rationem
993 2387 1078 2442 habe·-
1097 2429 1114 2436 ..

213 2486 266 2536 ret.
308 2481 435 2537 Haerere
450 2483 544 2547 bomo,
556 2480 673 2549 iersari,
688 2485 797 2539 rubere.
839 2484 924 2555 Quod
945 2484 1010 2555 lege
1030 2468 1080 2539 err·

213 2575 359 2647 cipiuntur
377 2577 491 2634 tabulae
513 2579 741 2650 publicanorum,
762 2598 818 2653 quo
842 2581 935 2637 minus
957 2580 1080 2636 Romam

213 2675 412 2744 deportentur:
434 2677 466 2730 ut
490 2693 535 2731 res
554 2694 638 2751 quam
661 2676 789 2733 maxime
813 2679 892 2734 clara
914 2694 949 2732 ac
973 2680 1080 2733 testata

121 2762 132 2771 ”
212 2788 276 2826 esse
297 2774 402 2842 posset,
423 2771 455 2826 in
472 2771 522 2843 jus
545 2774 582 2828 ad
606 2773 759 2830 Metellum
780 2774 979 2845 Carpinatium
993 2789 1079 2841 voco,

212 2870 379 2942 tabulasque
392 2868 540 2926 societatis
554 2869 585 2927 iu
605 2871 696 2928 sorum
716 2871 822 2926 delam.
864 2870 915 2926 Fit
936 2869 1079 2928 maximus

213 2983 368 3024 concursus
392 2966 557 3023 bominum:
579 2973 617 3035 et,
643 2971 718 3042 quod
740 2972 801 3024 erat
825 2967 987 3040 Carpinatii
1009 2971 1079 3026 nota

212 3081 279 3121 cum
293 3064 350 3121 isto
363 3069 493 3138 praetore
507 3065 631 3122 societas
651 3082 686 3121 ac
708 3065 874 3128 foeneratio,
895 3081 1005 3121 summe
1029 3083 1078 3123 ex·

213 3164 384 3234 spectabant
397 3181 506 3231 omnes,
520 3162 656 3236 quidnam
669 3163 701 3220 in
715 3163 819 3219 tabulis
833 3163 1037 3222 contineretur.

210 3329 224 3358 a
233 3314 340 3360 Verrutio
349 3314 385 3359 vel
395 3315 467 3360 Verre
478 3319 556 3370 sumta,
566 3330 623 3376 quae
637 3315 645 3361 i
662 3316 713 3372 aius,
730 3333 773 3364 non
787 3318 899 3366 societatis
917 3323 981 3374 esset,
992 3319 1077 3388 scripta

210 3372 278 3440 fuerit
287 3373 310 3418 in
319 3371 430 3441 societatis
441 3372 609 3440 publicanorum
627 3331 716 3420 tairulis.
733 3391 784 3422 num
803 3376 903 3424 Vcrrutii
919 3390 956 3419 eas
972 3391 1076 3435 pecunras

212 3431 285 3485 furare,
296 3434 464 3485 nonmeaaus,
480 3431 564 3476 clarum
580 3435 621 3478 est.
653 3431 742 3492 Nempe
758 3434 799 3478 boc
816 3433 982 3489 intelligendum
992 3449 1005 3477 e
1015 3448 1077 3480 mora

211 3492 294 3544 vetere,
305 3487 419 3548 pecuniam
429 3489 505 3534 datam
515 3504 558 3534 non
566 3491 633 3536 modo
642 3489 665 3534 in
674 3489 719 3536 suis
728 3491 810 3537 tabulis
825 3490 939 3543 scribendi,
950 3493 987 3535 sed
1006 3491 1076 3539 etiam

211 3545 235 3594 io
244 3545 337 3592 aliorum
347 3545 427 3593 tabulis
437 3550 462 3592 ut
472 3546 603 3595 scriberetur
611 3548 710 3602 curandi,
721 3553 747 3593 ut
756 3548 783 3594 iis
792 3565 835 3618 pro
849 3549 939 3594 testibau
955 3548 1022 3594 datae
1038 3564 1076 3611 pa·

211 3602 288 3648 cuniae
300 3605 332 3649 uti
342 3604 425 3661 liceret,
437 3605 455 3650 si
465 3604 553 3652 debitor
562 3607 675 3667 pecuniam
686 3620 709 3652 se
724 3621 832 3668 aoeeprsse
841 3613 938 3666 negaret.
1103 3604 1107 3611 ’

223 3681 251 3751 '⁴
266 3682 346 3729 tuom
355 3683 468 3750 qjurowdi,
479 3685 559 3746 quari]
591 3685 710 3743 dijucandi
726 3684 814 3731 videtur
830 3685 960 3741 redundare,
976 3699 1076 3745 premer-

211 3742 252 3788 trm
261 3753 310 3784 eum
320 3740 419 3797 legitima
434 3741 505 3788 forma
519 3744 685 3790 constmctionis
700 3759 744 3791 nou
760 3743 794 3790 sit.
828 3745 868 3790 Est
887 3743 975 3789 brevius
992 3745 1075 3791 dictum

210 3810 259 3859 pro,
269 3810 326 3857 quae
335 3798 396 3856 quasi
411 3825 420 3832 -
435 3825 444 3834 -
458 3805 530 3847 essent
539 3803 575 3847 vel
584 3802 719 3849 viderentur.
750 3802 773 3849 ai
781 3803 828 3871 quis
838 3808 911 3849 tamen
920 3802 987 3848 malit
992 3802 1075 3864 delere,

210 3868 255 3900 non
264 3868 389 3914 repugnem.
420 3857 479 3910 Eud..
491 3873 523 3918 pr.
536 3875 576 3921 pro
586 3861 667 3908 lituras
681 3861 760 3907 vitiose
768 3862 860 3908 laturas.

238 3931 249 3968 ⁶
262 3932 364 3996 caunum
371 3935 450 3992 untia
461 3935 600 4001 Vasates]
631 3939 728 3989 videm
737 3939 883 4013 scribendum,
888 3938 928 3987 iste
940 3938 964 3985 V
962 3975 969 3988 .
