2700 4675
268 505 330 566 m
622 493 749 546 Olario

264 661 396 704 cccmso.
437 641 648 704 Oroetetatem
666 641 833 716 captiosam
849 645 882 702 et
903 641 1079 721 indigum!
1098 645 1137 704 abt

265 747 340 802 aiter
353 745 416 804 H·S
431 761 507 810 1000,
528 745 601 802 alter
614 757 735 800 cccrooo
755 741 835 814 quod
849 741 900 810 rit,
921 742 958 802 in
978 745 1138 804 societatem

265 843 365 900 affertr
386 842 443 902 nisi
457 842 568 902 idcirco
582 841 703 899 moleste
716 839 836 912 pateris,
854 842 941 915 quod
951 843 1025 902 'It-S
1041 849 1138 901 roootr

265 959 305 1000 ex
318 959 387 999 arca
406 941 578 1015 proferebas,
603 939 667 996 H·S
695 953 817 994 cccrooo
852 955 898 996 ex
932 940 1140 1016 disciptinaet

264 1039 389 1098 artificio
418 1037 543 1096 Roscius
569 1037 726 1110 promebat.
764 1031 901 1108 ”Quam
925 1039 1013 1098 enim
1034 1043 1139 1100 remd

264 1136 525 1211 exspectationem,
547 1137 623 1211 quod
636 1135 771 1202 studium,
789 1139 822 1191 et
840 1153 936 1210 quem
959 1138 1095 1198 savorem
1107 1155 1141 1196 re·

264 1253 332 1295 curn
347 1235 380 1294 in
399 1252 518 1294 scenam
542 1234 639 1293 attulit
658 1233 807 1307 Panurgus
818 1229 839 1292 i·
856 1233 955 1307 Quod
971 1237 1079 1296 Roscii
1099 1237 1141 1296 tuit

264 1335 433 1410 discipulus.
449 1334 497 1410 qui
515 1334 675 1409 diligebant
689 1333 776 1399 hunc,
787 1331 834 1390 iili
855 1331 1032 1396 favebant:
1046 1337 1094 1413 qui
1104 1336 1142 1394 ad·

265 1435 443 1494 mirabantur
456 1436 544 1502 hunc,
559 1434 640 1490 iilum
659 1432 835 1505 probabant:
849 1433 907 1506 qui
921 1435 1058 1512 denique
1071 1437 1142 1510 huju

265 1549 372 1592 nomen
393 1533 552 1600 audierant,
566 1533 648 1588 illurn
661 1528 804 1587 eruditum
818 1533 850 1588 et
863 1533 1041 1604 perfectum
1055 1533 1142 1596 existi·

264 1633 392 1688 mebant.
434 1630 485 1686 Sic
500 1634 544 1685 est
563 1631 682 1702 vulgus:
705 1645 743 1684 ex
758 1628 887 1688 veritate
907 1649 1020 1705 pauca,
1041 1653 1079 1694 ex
1091 1631 1141 1709 opt·

264 1728 353 1786 nione
379 1730 471 1785 muita
496 1726 639 1784 aestimet.
692 1725 770 1799 Quid
795 1726 889 1785 sciret
915 1729 982 1800 ille,
1013 1729 1139 1809 perpauci

264 1826 545 1885 animadvertebant.
564 1826 614 1883 ubi
638 1824 798 1893 didicisset,
821 1843 931 1888 omnes
957 1835 1138 1906 quaerebant.

265 1928 340 1986 nihii
353 1929 390 1985 ab
404 1927 460 1984 hoc
471 1943 591 2000 pravum
605 1931 635 1982 et
648 1941 815 1998 perversum
828 1927 958 1997 produci
974 1948 1064 2005 posse
1077 1929 1139 1988 arbi·

266 2029 422 2084 trabuntur.
465 2026 498 2083 Si
522 2025 637 2082 veniret
657 2025 694 2080 ab
716 2021 852 2080 Statilio:
875 2029 1006 2087 tametsi
1028 2027 1140 2090 curaeio

267 2123 405 2180 Roscium
432 2128 589 2195 superaret,
622 2122 772 2195 adspicere
798 2139 889 2180 nemo
919 2133 1037 2199 posset.
1065 2143 1140 2188 nean

266 2217 354 2285 enim,
368 2219 444 2275 sieut
457 2236 495 2274 ex
509 2218 639 2291 improbo
653 2224 734 2293 patre
748 2222 867 2293 probum
883 2222 984 2286 titium
999 2227 1091 2298 nasci
1102 2225 1138 2284 sta

265 2335 304 2378 ex
325 2318 450 2393 pessimo
476 2317 616 2377 histrione
641 2320 748 2377 bonum
772 2321 952 2381 comoedum
978 2326 1049 2387 tiert
1067 2340 1139 2401 pou

266 2418 453 2478 existimaret.
506 2417 582 2490 Quia
605 2418 744 2476 veniebat
771 2436 789 2476 a
812 2418 937 2490 Roscio,
964 2428 1037 2499 plna
1061 2425 1138 2485 attan

216 2531 251 2588 11
266 2519 350 2587 scire,
370 2537 455 2595 qrmm
469 2518 589 2584 sciebat,
607 2516 767 2574 videbatur.
809 2518 897 2591 Quod
913 2521 992 2583 item
1007 2544 1099 2601 nuper
1112 2524 1138 2583 iu

266 2617 354 2674 Erote
377 2618 517 2673 comoedo
537 2634 589 2673 usu
611 2616 711 2672 venit:
736 2615 784 2689 qui
800 2622 999 2695 posteaquam
1029 2636 1137 2683 emera

267 2730 326 2772 non
347 2715 432 2771 modo
448 2714 550 2782 sibilia,
570 2715 621 2771 sed
642 2714 730 2772 etiarn
750 2715 889 2773 convicio
912 2722 1135 2793 explodebatur

266 2811 341 2870 sicut
354 2812 384 2870 in
399 2830 487 2882 aram,
501 2813 634 2887 confugit
647 2812 678 2869 in
700 2814 783 2887 hujus
797 2815 927 2884 domum,
943 2820 1135 2897 ‹lisciptimn

265 2913 467 2984 patrocinium,
490 2930 607 2969 nomeu.
648 2913 749 2985 ltaque
769 2913 906 2983 perbrevi
928 2922 1078 2994 tempore,
1096 2918 1135 2995 qui

265 3028 304 3065 ne
324 3011 355 3065 in
370 3010 536 3067 novissimis
557 3009 672 3084 quidem
692 3015 754 3067 erat
768 3010 969 3084 histrionibus,
985 3022 1027 3079 ad
1041 3022 1135 3096 prim

266 3107 400 3179 pervenit
419 3108 583 3165 comoedos.
625 3110 707 3182 Quae
737 3126 781 3165 rea
813 3111 923 3168 extulit
947 3118 1047 3179 eum?
1078 3120 1135 3177 Uar

265 3205 479 3263 commendatio
492 3206 594 3281 hujus:
614 3207 662 3280 qui
676 3213 774 3264 tamen
788 3205 956 3282 Panurgum
972 3214 1071 3287 illurn,
1086 3232 1136 3277 noa

265 3304 358 3361 sotum
380 3309 412 3359 ut
433 3305 534 3361 Roscii
554 3305 710 3377 disciputus
735 3305 822 3362 tuisse
840 3306 1003 3381 diceretur,
1027 3318 1135 3385 domun

266 3402 385 3478 recepit,
412 3402 463 3459 sed
493 3403 582 3460 etiam
609 3421 720 3461 summo
746 3421 813 3460 oum
839 3406 950 3475 labore,
979 3416 1136 3484 stomacho,

265 3502 437 3578 miseriaque
457 3502 571 3559 eruditi.
612 3504 700 3571 Nam,
721 3521 777 3579 quo
794 3502 913 3577 quisque
935 3514 984 3567 est
999 3514 1137 3573 soltertioe

295 3659 318 3692 aa
332 3658 464 3711 Quamrem
473 3660 493 3701 et
502 3656 570 3715 carp]
596 3654 705 3703 Graevius
714 3655 794 3718 probat
804 3656 958 3713 conjecturam
969 3660 1016 3710 yffi
1026 3663 1137 3729 doefimae

266 3730 796 3841 aramma,
812 3721 1140 3805 avesa-ea
