2700 4675
282 487 348 572 aas
611 503 646 555 ¹¹
659 503 804 555 Μ

280 655 363 714 dicas
376 669 477 712 omues
489 652 616 711 illo-toro
635 654 679 712 Μ.
699 652 864 713 Postumius
885 656 1023 729 quaestor
1037 656 1156 718 sortitu·

280 760 345 811 esta
365 754 441 810 hanc
465 755 557 811 solam
569 759 601 810 tu
616 753 668 810 illo
680 759 829 811 conventu
853 756 1001 827 reperiere
1025 759 1149 815 sortitus.

279 851 367 926 argo,
380 852 492 926 inquiet
501 852 614 926 aliquis,
623 853 745 910 donavit
756 854 861 925 populo
873 854 1061 925 Syracusano
1069 857 1149 916 illam

278 950 478 1007 hereditatem.
519 950 657 1016 Primum,
671 950 697 1006 ai
718 950 748 1006 id
772 951 905 1007 confiteri
930 953 1031 1020 velim,
1045 959 1143 1012 tamen

277 1048 364 1105 istum
386 1048 596 1115 condemnetis,
619 1065 739 1118 necesse
762 1054 817 1104 est.
837 1046 961 1123 ”neque
987 1051 1148 1124 enim-per·

277 1147 460 1214 missumst,
473 1152 504 1202 ut
517 1146 635 1219 impune
649 1146 733 1202 nohis
749 1147 847 1214 liceat,
860 1150 938 1221 quod
952 1149 1043 1206 alicui
1057 1151 1148 1222 eripu-

278 1246 394 1311 erimus,
407 1246 439 1302 id
461 1245 545 1302 alteri
567 1246 699 1301 traderet
730 1244 842 1301 Verum
855 1263 896 1301 ex
914 1247 971 1303 ista
991 1247 1142 1317 reperietis

278 1346 439 1403 hereditate
460 1344 501 1400 ita
523 1344 610 1400 istum
631 1344 806 1415 praedatum,
821 1349 852 1398 ut
871 1357 1014 1416 perpauca
1026 1346 1143 1402 occulte

277 1445 398 1501 lecerit:
419 1445 554 1516 populum
571 1443 686 1516 quidem
702 1443 916 1514 Syracusanum
935 1442 968 1499 in
988 1442 1145 1501 maximam

275 1541 420 1598 invidiam
451 1557 502 1596 sua
535 1539 664 1605 infamia,
689 1540 785 1596 alieno
809 1540 936 1612 praemio
959 1541 1143 1613 pervenisse:

275 1655 382 1714 paucos
398 1639 605 1709 Syracusanos,
617 1654 675 1703 eoa,
688 1636 765 1710 loqui
779 1655 811 1693 se
825 1654 901 1694 nunc
916 1637 1035 1709 publice
1049 1640 1142 1696 lauda·

274 1738 364 1796 tionis
378 1753 466 1793 causa
478 1734 593 1791 venisse
604 1734 714 1802 dicunt,
729 1742 759 1792 et
773 1742 841 1793 tunc
851 1735 1008 1809 participes
1022 1740 1142 1811 praedas

274 1837 372 1905 luisse,
386 1842 417 1893 et
427 1852 504 1892 nuno
513 1853 571 1891 non
586 1835 622 1890 ad
633 1834 717 1890 istius
731 1834 935 1902 laudationem,
949 1838 1002 1892 sed
1015 1838 1053 1893 ad
1068 1853 1142 1894 com·

275 1954 392 1995 munem
415 1936 509 1993 litium
531 1933 763 1990 aestimationem
783 1934 909 1991 venisse.
952 1934 1141 2010 Posteaquam

190 2102 191 2105 Ἰ
274 2036 427 2091 damnatus
442 2040 487 2090 est
500 2036 613 2099 absens,
628 2051 687 2089 non
708 2036 800 2089 solum
820 2033 899 2090 illius
912 2035 1093 2104 hereditatis,
1105 2036 1139 2092 da

273 2148 329 2205 qua
342 2132 549 2203 ambigebatur,
569 2148 643 2203 quae
666 2144 728 2187 erat
742 2132 805 2188 H·S
820 2132 930 2199 tricies,
944 2134 996 2190 sed
1015 2134 1138 2191 omniun

273 2230 413 2285 bonomm
427 2233 608 2301 paternorum
626 2229 717 2301 ipsius
732 2229 872 2297 Heraclii,
887 2249 962 2305 quae
976 2250 1037 2289 non
1050 2232 1139 2290 minor

273 2333 337 2386 erat
351 2326 483 2401 pecunia,
495 2328 654 2400 palaestrae
670 2329 929 2402 Syracusanorum,
947 2331 1005 2388 hoc
1019 2338 1071 2399 est,
1086 2331 1136 2403 Sy·

271 2429 428 2494 racusanis,
438 2427 581 2500 possessio
594 2428 723 2485 traditur.
765 2429 847 2499 Quae
861 2433 906 2485 est
919 2430 977 2487 ista
989 2421 1135 2505 praetura!

270 2527 367 2598 Eripis
391 2527 590 2592 hereditatem,
603 2542 677 2599 quae
690 2533 812 2583 venerat
830 2545 849 2582 a
866 2530 1038 2604 propinquo,
1050 2544 1133 2587 vene

269 2630 314 2680 rat
327 2630 510 2692 testamento,
523 2630 644 2681 venerat
657 2625 783 2697 legibus:
797 2643 871 2700 quae
885 2628 963 2684 bona
977 2629 1012 2693 is,
1025 2628 1073 2703 qui
1083 2633 1133 2685 tes

270 2727 429 2781 lamentum
442 2723 521 2790 lecit,
535 2721 602 2779 huic
618 2722 763 2790 Heraclio,
776 2723 795 2754 ⁵¹
804 2731 873 2780 ante
883 2726 1043 2800 aliquanto,
1052 2740 1131 2801 quam

268 2830 312 2878 est
325 2827 459 2889 mortuus,
472 2821 570 2878 omnia
589 2823 697 2877 utenda
715 2839 751 2878 ac
771 2808 946 2895 possidenda
961 2827 1128 2883 tradiderat:

267 2923 349 2991 cujus
358 2921 534 2987 hereditatis,
546 2936 611 2977 oum
622 2920 672 2975 ille
686 2920 833 2993 aliquanto
843 2927 913 2979 ante
930 2929 960 2980 te
974 2931 1127 2997 praetorem

267 3020 343 3070 esset
357 3024 491 3084 mortuus,
504 3017 702 3074 controversia
718 3018 810 3075 luerat
823 3023 913 3087 nulla,
925 3019 1126 3080 ”mentionem

216 3110 374 3170 ltlseoerat
393 3128 488 3167 nemo.
529 3115 640 3172 Verum
664 3122 736 3184 esto,
757 3117 837 3191 eripe
858 3119 1052 3179 hereditatem
1071 3135 1125 3194 pro

295 3263 317 3295 ⁴⁹
331 3277 398 3322 oeqtm
413 3261 473 3308 calm
478 3264 610 3318 permissam
619 3273 656 3324 est,
666 3269 793 3328 olimpum
801 3270 863 3317 nolis
873 3271 956 3336 licent]
988 3274 1052 3322 Haeo
1062 3268 1123 3320 vicet

263 3326 353 3384 possum
362 3337 511 3386 sauronam.
544 3324 623 3372 Sensus
633 3331 679 3372 est:
696 3343 740 3373 non
749 3333 783 3374 est
792 3328 855 3376 nobis
865 3331 922 3377 haec
930 3338 1032 3391 potestus
1041 3331 1125 3394 penis

263 3400 295 3440 ta,
304 3386 364 3443 data,
374 3402 414 3448 per
424 3401 488 3446 quam
499 3388 561 3435 nobis
569 3390 621 3451 imp.
633 3393 710 3450 liceat,
720 3399 763 3442 ete.

292 3465 313 3497 ⁶⁰
327 3465 366 3524 qai
375 3481 396 3512 se
405 3491 414 3499 -
423 3466 522 3536 -oenttse
539 3469 635 3531 doum]
667 3472 804 3534 Exquisitior
822 3473 883 3520 ratio
902 3476 1033 3537 postulabat
1042 3477 1120 3524 dim*

261 3524 396 3645 anllogtczispiic
403 3529 436 3570 est
446 3540 459 3570 a
469 3525 589 3586 Cicerone3
604 3530 642 3574 sed
652 3536 727 3590 potest
736 3533 779 3578 hoe
788 3537 814 3580 ut
829 3547 843 3579 e
856 3548 953 3595 persona
962 3536 1076 3584 ciceronis
1083 3534 1121 3582 tis

290 3662 615 3728 commemorantum]
656 3668 728 3715 Meae
746 3684 811 3717 aures
829 3671 960 3722 desiderant
975 3680 1035 3735 mat
1053 3691 1067 3723 e
1083 3678 1122 3735 qd

261 3731 326 3778 saepe
335 3723 416 3768 laetum
425 3727 469 3769 est:
484 3722 644 3771 reterturenim
653 3728 681 3772 ad
694 3728 823 3776 tradiderat.

289 3794 311 3830 Ν
325 3802 622 3865 mmtlonemsessralnemo]
638 3820 659 3853 v.
671 3805 736 3854 clav.
745 3807 866 3858 mmm
