2700 4675
278 536 339 601 rsa
600 527 814 588 tvvm

273 702 318 742 res
327 682 485 758 judicetur,
498 697 565 740 cum
577 680 651 740 haec
664 681 826 757 frequentia
841 680 930 738 totius
939 681 1053 740 ltaliae
1063 684 1155 743 Roma

272 782 454 851 discmserit3
469 800 543 856 quae
556 783 698 840 convenit
710 798 769 840 uno
777 786 907 854 tempore
919 781 1063 856 undique,
1077 782 1099 815 ⁰
1107 801 1157 841 co·-

272 880 428 948 mitiorum‚
442 882 582 948 ludorum,
596 879 793 955 censendique
806 895 902 936 causa.
925 879 1039 955 ¹Hujus
1046 881 1150 955 judicil

271 985 303 1035 et
315 978 408 1035 laudis
428 978 560 1044 fructum,
581 982 612 1034 et
625 978 793 1036 offensionis
809 976 981 1051 periculum,
1001 985 1146 1049 vestruma

270 1077 407 1142 laborem,
426 1074 722 1150 sollicitudinemque,
737 1080 882 1144 nostram3
896 1076 1068 1145 scientiam,
1081 1078 1145 1153 quid

269 1178 378 1249 agatur,
408 1173 643 1248 memoriamque,
666 1173 735 1247 quid
762 1190 781 1229 a
808 1192 919 1249 quoque
953 1176 1069 1234 dictum
1098 1177 1143 1245 sit,

268 1272 398 1331 omnium
412 1277 481 1347 puto
494 1290 557 1329 esse
571 1276 712 1346 oportere.
744 1273 867 1331 Faciam
880 1275 938 1331 hoc
947 1292 1008 1332 non
1021 1293 1139 1345 uorum,

270 1375 323 1432 sed
339 1375 377 1431 sb
398 1374 445 1442 iis,
464 1374 513 1450 qui
531 1392 609 1433 nunc
631 1372 777 1447 principes
792 1378 907 1429 nostrae
921 1373 1139 1442 civitatissunt,

269 1471 462 1539 antefactum,
471 1478 502 1530 ut
512 1474 632 1532 testibus
644 1478 707 1530 utar
719 1471 832 1529 statim:
846 1471 920 1529 illud
933 1489 953 1529 a
963 1487 1008 1530 me
1018 1490 1137 1542 novum,

261 1569 388 1644 judices,
411 1573 603 1643 cognoscetis,
625 1572 700 1645 quod
724 1570 766 1627 ita
791 1575 879 1628 testes
900 1571 1088 1640 constituam,
1107 1577 1139 1630 ut

266 1667 378 1725 crimen
400 1672 492 1725 totum
515 1669 677 1741 explicem3
700 1668 750 1725 ubi
773 1669 804 1725 id
825 1668 1043 1744 interrogando,
1061 1689 1139 1745 argu·

267 1766 382 1833 mentis,
394 1770 478 1841 etque
488 1766 618 1823 oratione
627 1767 789 1834 firmavero,
801 1772 861 1824 tum
874 1773 965 1825 testes
978 1770 1018 1826 ad
1029 1770 1138 1827 crimen

266 1866 492 1924 accommodem.
515 1869 547 1922 ut
569 1864 643 1922 nihil
661 1864 738 1922 inter
757 1865 838 1923 illam
861 1866 999 1925 usitatam
1023 1884 1137 1926 accusa·

264 1965 385 2034 tionem,
401 1970 486 2039 atque
500 1964 576 2021 hanc
598 1981 706 2021 novam
726 1964 849 2032 intersit,
872 1964 928 2023 nisi
951 1968 1030 2040 quod
1042 1967 1074 2025 in
1087 1968 1137 2025 illa

265 2070 346 2131 tunc,
359 2082 426 2122 cum
439 2064 538 2121 omnia
550 2063 629 2132 dicta
643 2068 719 2131 sunt,
733 2065 951 2121 testesdantur:
971 2064 1023 2124 nic
1036 2066 1067 2123 iu
1080 2066 1135 2124 sin·

265 2164 346 2234 gulas
358 2179 402 2216 res
416 2163 572 2218 dabuntur:
588 2166 618 2217 ut
631 2161 690 2217 illis
699 2179 810 2237 quoque
821 2163 924 2220 eadem
935 2163 1133 2239 interrogandi

264 2258 396 2324 facultas,
414 2259 634 2331 argumentandi
653 2259 828 2335 dicendique
845 2260 892 2318 sit.
937 2262 971 2320 si
990 2264 1058 2339 quis
1072 2261 1133 2331 erit,

264 2358 314 2434 qui
327 2362 493 2432 perpetuam
506 2357 665 2415 orationem
686 2360 958 2435 accusationemque
978 2363 1133 2431 desideret,

212 2483 218 2496 r
264 2460 355 2516 altera
372 2457 488 2515 actione
509 2457 625 2514 audiet:
643 2475 722 2515 nunc
743 2459 783 2527 id,
797 2460 872 2534 quod
890 2459 1017 2518 iacimus
1031 2459 1081 2539 (ea
1093 2479 1132 2519 ra·

263 2558 343 2615 tione
357 2557 487 2625 lecimus,
506 2562 538 2614 ut
553 2556 680 2614 malitiae
694 2557 809 2615 illorum
829 2557 955 2615 consilio
974 2567 1075 2618 nostro
1086 2577 1132 2620 oe·

262 2650 421 2730 curramus)
439 2655 602 2713 necessario
628 2655 691 2713 fieri
715 2656 868 2731 intelligat.
910 2657 997 2717 Haec
1023 2659 1129 2734 prImac

262 2751 385 2810 actionis
408 2752 463 2810 erit
480 2755 637 2811 accusatio.
681 2754 823 2822 Dicimus,
846 2755 881 2813 C.
904 2757 1043 2825 Verrem,
1065 2773 1128 2816 eum

262 2855 352 2910 mulla
367 2851 531 2920 libidinose,
552 2856 641 2910 multa
654 2853 810 2911 crudeliter
829 2854 861 2910 iu
881 2853 966 2911 cives
980 2855 1128 2914 Romanor

261 2956 346 3024 atque
370 2951 401 3009 in
420 2951 523 3019 socios,
548 2955 637 3008 multa
660 2950 691 3007 in
713 2952 782 3008 deos
803 2952 994 3028 hominesque
1020 2953 1127 3013 nelarie

260 3047 371 3116 lecerit,
393 3055 452 3105 tum
476 3055 624 3121 praeterea
647 3050 879 3124 quadringenties
902 3053 1071 3112 sestertium
1091 3070 1128 3112 ex

263 3144 365 3203 Sicilia
388 3150 489 3202 contra
516 3149 594 3218 leges
622 3129 782 3206 abstulisse.
825 3151 890 3206 Hoc
913 3151 1050 3220 testibus,
1074 3155 1126 3210 hoc

261 3241 365 3300 tabulis
381 3241 510 3314 privatis.
532 3244 712 3320 publicisque
736 3248 964 3317 auctoritatibus,
984 3249 1031 3308 ita
1047 3251 1127 3310 vobis

257 3331 377 3419 planum
390 3340 536 3410 iaciemus,
550 3347 581 3399 ut
595 3343 650 3401 hoc
666 3347 807 3413 statuatis,
821 3345 934 3403 etiamsi
948 3343 1078 3421 spatium
1091 3349 1126 3407 ad

258 3441 414 3501 dicendum
427 3445 525 3498 nostro
542 3444 704 3511 commodo,
718 3461 882 3518 vacuosque
895 3445 961 3503 diss
981 3448 1127 3507 habuisse·

259 3557 331 3609 mus,
343 3546 440 3597 tamen
454 3540 584 3598 oratione
595 3544 682 3617 longa
696 3543 770 3601 nihil
784 3560 855 3616 opus
868 3543 968 3602 luisse.

257 3694 664 3811 emundis]
681 3696 1126 3830 tredecimum

257 3811 333 3862 Quare
339 3814 471 3870 Judmorum
479 3826 554 3859 caussa
563 3812 659 3860 Romam
669 3820 760 3860 venrant
768 3815 912 3885 lreqqentesi'
926 3828 999 3864 mmo
1008 3819 1080 3876 ludoq

256 3867 375 3927 instabant,
387 3877 486 3932 spectare
503 3870 620 3931 volebant:
641 3872 702 3931 cujus
720 3873 858 3933 semme
871 3874 945 3923 mulla
959 3879 1089 3927 mim
1150 3887 1153 3892 '

256 3928 315 3988 apud
324 3928 454 3979 Ciceronem
463 3935 487 3981 et
499 3929 594 3980 Livium.
626 3930 705 3992 ltaque
714 3929 796 3992 recepi.
