2700 4675
521 581 788 634 reon-omnum.
1050 586 1088 644 19

220 734 273 790 net
282 730 320 788 de
331 729 395 788 vite
404 733 434 787 et
443 730 621 790 ornamentis
632 728 692 787 suis
703 724 857 786 omnibus?
876 726 952 799 epud
959 724 1092 798 judieem

220 844 339 888 oausam
347 827 440 899 priore
450 830 515 885 loeo
523 827 620 884 diuet:
634 830 674 892 et,
685 842 826 882 eumcum
833 823 1001 891 murittum
1012 823 1093 880 deni·

222 943 279 1000 que
291 942 396 982 vocem
403 924 578 982 eoousetoris
586 921 707 981 audiet?
720 920 806 996 quid?
820 924 940 995 hecquo
948 918 1093 994 pertinet?

223 1028 356 1095 utooyus
370 1024 407 1078 ed
421 1008 503 1078 tuuin
515 1018 693 1094 pervenies?
713 1023 764 1087 At,
777 1020 802 1077 si
816 1020 847 1078 id
857 1022 960 1086 velles,
974 1017 1094 1091 jampri-

222 1122 293 1178 dem
306 1124 404 1176 sotum
417 1137 481 1177 esse
495 1123 615 1191 poterut.
657 1120 700 1177 Ut
720 1119 885 1176 honestiore
899 1117 1014 1191 judicio
1025 1135 1094 1175 oon.-

226 1216 359 1277 flietere?
380 1218 423 1276 At
436 1217 499 1275 eine
513 1234 625 1276 summo
638 1220 749 1275 soeiere
760 1217 794 1274 P.
806 1217 968 1289 Quintium,
981 1216 1095 1289 propin·

225 1333 313 1391 qurum
327 1316 557 1391 tuum‚jugulsre
568 1333 627 1375 non
642 1322 734 1389 potes.
776 1316 819 1372 Ut
829 1314 943 1371 iaeilius
950 1314 1096 1387 judicium

225 1412 286 1475 sit?
307 1417 350 1474 At
363 1432 457 1490 neque
472 1414 507 1472 0.
520 1414 667 1488 Aquillius
680 1415 718 1471 de
731 1413 828 1486 oepite
841 1412 959 1469 alterius
973 1412 1097 1469 libenter

221 1512 347 1585 judioet,
371 1518 401 1569 et
424 1513 461 1582 Q.
484 1512 657 1570 Hortensius
682 1517 784 1568 contre
805 1515 893 1583 eaput
914 1527 973 1567 nou
994 1508 1098 1566 didicit

227 1611 336 1668 dicere.
380 1610 457 1681 Quid
478 1627 497 1667 a
519 1611 603 1668 uobis
626 1616 733 1677 eutem,
755 1609 790 1667 0.
815 1609 937 1684 Aquini,
956 1602 1099 1666 refertur?
1193 1659 1222 1673 ,.

199 1767 203 1774 ,
233 1708 394 1767 Pecuniam
404 1707 486 1781 petit.
498 1725 635 1781 negamus
646 1708 755 1765 deberi.
770 1708 914 1781 judicium
924 1708 974 1764 fiet
984 1706 1098 1762 stetim:
1161 1711 1163 1715 '

231 1823 291 1864 non
302 1824 474 1864 recusamus.
514 1805 572 1864 ”N
574 1807 692 1881 nmquid
702 1803 875 1879 praeterea?
894 1805 920 1860 si
934 1810 1058 1870 veretur,
1067 1807 1101 1859 ut

230 1922 287 1970 res,
306 1904 420 1976 judicio
440 1905 527 1970 sueto,
542 1909 642 1975 parete
662 1904 720 1959 sit:
745 1904 910 1975 judicatum
932 1903 1009 1958 sotvi
1031 1901 1100 1957 setis

234 2000 371 2071 eooipist.
399 2000 542 2073 quibust
561 2017 609 2056 me
630 2000 729 2058 verbis
750 2000 820 2056 setis
842 1999 978 2071 accipiet,
998 1999 1103 2055 iisdem

234 2098 307 2171 ipse,
321 2098 396 2169 quod
409 2101 487 2170 peto,
505 2097 634 2154 satisdet.
655 2102 753 2153 netum
767 2097 831 2169 jum
853 2099 949 2169 potest
970 2114 1043 2163 esse,
1066 2096 1102 2153 0.

235 2195 358 2269 Aquini.
379 2195 447 2266 jem
469 2199 499 2252 tu
522 2200 603 2268 potes
626 2194 776 2252 discedere
798 2195 935 2252 liberatus
960 2194 1102 2262 molestie,

233 2312 321 2370 prope
336 2293 441 2364 diuam,
455 2311 513 2352 non
527 2293 648 2362 minore,
662 2310 748 2368 quam
763 2293 909 2365 Quintius.
952 2292 1030 2365 Quid
1044 2292 1104 2366 egi·

233 2410 307 2460 mus,
322 2393 459 2449 Hortensi
470 2390 481 2450 i
502 2393 569 2467 qnid
581 2394 619 2448 de
630 2394 686 2449 iseo
697 2392 865 2448 conditione
875 2391 998 2447 dioimus
1010 2389 1022 2447 i
1042 2408 1105 2462 pos·
1206 2463 1209 2468 A

235 2507 333 2547 sumus
353 2490 516 2562 aliquando,
529 2489 672 2559 depositis·
691 2487 786 2552 ermis,
800 2487 863 2542 siue
880 2486 1009 2557 periculo
1022 2487 1107 2543 iortu·

236 2605 348 2654 narum,
362 2588 399 2643 de
413 2603 444 2641 re
455 2585 621 2658 pecuniaria
632 2584 794 2655 disceptare
805 2581 817 2640 i
837 2583 1035 2655 possumus-ite
1046 2600 1115 2640 rem.

239 2690 368 2741 nostram
379 2681 519 2755 persequi,
530 2687 561 2737 ut
570 2680 695 2737 hominis
706 2681 857 2756 propinqui
864 2686 951 2754 ceput
961 2682 1116 2741 ineolume·

238 2800 305 2838 esse
320 2777 483 2854 patiemur?
504 2797 651 2853 possumus
672 2780 803 2852 petitoris
822 2797 973 2853 personam
993 2798 1108 2854 capere,

240 2879 417 2938 accusatoris
430 2875 598 2952 deponere?
619 2880 721 2945 Immo,
734 2878 837 2951 inquit,
857 2881 908 2935 ebs
927 2885 957 2935 te
978 2880 1048 2936 setis
1061 2897 1108 2936 eo-

242 2978 366 3052 oipiam:
387 2996 442 3052 ego
456 2982 552 3036 autem
566 2976 620 3033 tibi
634 2993 693 3033 nou
707 2976 870 3033 satisdatio,
906 2977 978 3048 Quis
991 2979 1108 3034 tandem
1122 2992 1167 3050 14·
1195 2980 1199 2988 '

242 3077 326 3134 nobis
340 3077 396 3133 ista
411 3078 550 3151 juratam
563 3093 655 3147 seque
675 3073 834 3133 describit?
854 3074 917 3149 quis
931 3075 987 3132 hoe
1000 3077 1110 3145 statuit,

243 3176 319 3247 quod
340 3191 462 3247 aequum
486 3172 577 3230 sitin
600 3173 760 3244 Quintium,
783 3173 814 3230 id
838 3173 968 3246 iniquum
992 3192 1055 3232 esse
1077 3175 1110 3232 in

241 3269 414 3328 Naevium?
436 3272 550 3342 Quintii
572 3272 657 3338 bona,
671 3270 773 3344 inquit,
793 3290 832 3328 ex
853 3272 951 3328 edicto
972 3273 1112 3345 praetoris

247 3375 378 3442 possesse
401 3375 476 3426 sunt.
517 3370 604 3441 Ergo,
628 3369 658 3425 id
683 3374 714 3426 ut
734 3371 882 3435 eonfiteer,
905 3374 1049 3442 postules;
1071 3376 1111 3438 ut,

247 3466 323 3540 quod
347 3448 500 3540 numquam
520 3467 628 3524 iactum
649 3485 714 3523 esse
732 3468 847 3539 judicio
867 3454 1056 3537 defendimus,
1070 3469 1111 3535 id,

247 3563 376 3639 proinde,
391 3565 471 3636 qussi
485 3566 592 3621 iustum
605 3565 652 3631 sit,
666 3571 763 3622 nostro
774 3566 888 3638 judicio
901 3568 1111 3623 confirmemus.

278 3717 301 3749 ⁴²
316 3715 436 3775 Numquid
439 3715 486 3775 μ]
518 3715 574 3762 Mss.
586 3716 667 3763 etedd.
679 3731 712 3778 pr.
720 3731 766 3764 eron
774 3718 836 3777 prid.
846 3719 905 3779 quod
916 3732 982 3777 saepe
991 3731 1114 3762 ormnem·

245 3774 306 3896 aa}
311 3774 607 3894 pslnffigttukbvzlum
637 3776 699 3824 Junt.
709 3776 764 3836 qnid
770 3792 806 3834 pr.
816 3777 924 3838 Gmterps
932 3775 1020 3832 uwjicit
1028 3775 1113 3834 ecquid,
