2700 4675
358 523 363 536 '
414 561 417 566 ·
436 551 508 602 reu.
522 552 555 602 u.
571 551 669 615 masa
684 552 859 604 ssounsus
1003 626 1007 632 .
1021 556 1081 618 371
1102 560 1105 570 ¹

195 775 198 782 ¹
220 694 293 753 milri
304 713 387 755 nuno
399 702 439 766 tu,
458 700 576 768 Verres,
596 718 682 775 quem
703 688 766 757 esse
786 702 866 776 bunc
889 703 972 756 tuurn'
994 700 1087 771 paene

168 783 171 788 ’
226 783 548 870 gentileml'errutiurn
563 805 653 871 putes.
676 800 756 856 Fieri
771 817 828 856 non
840 804 942 871 potest,
955 803 995 864 ut,
1003 786 1089 872 quern
1149 856 1155 863 ,

217 890 319 959 video,
334 899 363 949 te
377 903 517 966 praetore,
531 897 683 958 iri-Sicilia
696 897 792 964 luisse,
806 902 836 953 et
860 914 945 969 quern
955 950 957 955 ,
966 914 1004 951 ex
1024 895 1090 967 ipsa
1153 905 1155 912 ’

222 989 335 1046 ratione
349 980 483 1066 intelligo
497 985 671 1067 locupletem
686 995 781 1063 luisse,
796 1012 861 1051 eum
876 999 905 1051 tu
920 993 951 1049 in
965 999 1014 1049 tua
1026 984 1091 1065 ⁴pro·

168 1126 172 1134 -
200 1113 202 1117 ⁴
226 1076 325 1145 vincia
339 1106 398 1147 non
410 1077 557 1163 cognoris·
599 1094 698 1166 Atque
711 1095 796 1159 adeo,
811 1111 848 1148 ne
872 1093 987 1147 hoeaut
1003 1089 1092 1163 longi·
1148 1155 1150 1160 ,

196 1261 199 1268 Ι
227 1201 270 1250 us,
295 1192 344 1243 aut
367 1180 515 1245 obscurius
533 1208 597 1252 esse
622 1192 722 1264 possit,
736 1190 883 1264 procedite
905 1189 937 1246 in
958 1189 1093 1255 medium,

226 1280 372 1354 explicate
395 1286 618 1359 descriptionem
631 1289 844 1361 imaginemque
861 1288 1036 1358 tabularum:
1062 1289 1095 1343 ut
1122 1343 1126 1351 ,

168 1389 171 1396 ·
226 1396 326 1464 omues
342 1386 475 1440 mortales
491 1384 572 1441 istius
587 1383 728 1441 avaritiae
742 1384 873 1482 nonaeiam
887 1383 1023 1457 vestigia,
1041 1383 1093 1441 sed

155 1544 160 1551 .
228 1477 291 1551 ipsa
305 1480 413 1535 cubilia
421 1482 525 1559 videre
539 1481 659 1553 possint.

267 1576 385 1631 Videtis
418 1575 608 1635 Vermtium?
629 1578 737 1635 videtis
760 1578 867 1651 primas
892 1579 1002 1634 litteras
1023 1574 1148 1661 inte-pq

226 1671 317 1745 gras?
351 1674 457 1731 videtis
481 1680 641 1733 extremam
667 1683 778 1750 partem
807 1677 941 1744 nominis,
974 1678 1097 1734 caudam

143 1794 147 1802 ⁴
227 1770 308 1826 illam
333 1773 443 1841 Verris,
466 1779 611 1849 tamquam
639 1776 670 1833 iu
700 1778 780 1844 luto,¹
793 1778 954 1832 demersam
978 1794 1042 1831 esse
1065 1775 1097 1831 iu

229 1866 339 1923 litura?
372 1869 423 1925 Sin
449 1872 556 1926 babent
577 1889 609 1925 se
633 1874 758 1936 tabulae,
778 1872 906 1941 judiees,
930 1875 960 1926 ut
982 1871 1097 1927 videtis.

233 1965 310 2034 Quid
333 1964 535 2037 exspectatis?
567 1967 636 2040 quid
657 1967 793 2040 quaeritis
815 1964 963 2038 amplius?
983 1974 1013 2023 tu
1035 1967 1103 2039 ipsa·

226 2037 341 2119 ⁸Verres
352 2063 421 2139 ¹quid
436 2061 542 2121 sedes?
562 2064 630 2137 quid
651 2063 793 2123 moraris?
812 2083 879 2122 nam
893 2069 942 2121 aut
958 2065 1099 2120 exhibeas

183 2164 189 2174 “
233 2160 316 2216 nobis
333 2162 508 2221 Verrutium.
523 2181 642 2219 neeesse
657 2171 720 2219 est:
740 2168 789 2220 aut
809 2169 839 2220 te
854 2181 917 2219 esse
935 2163 1099 2219 termnum

229 2257 347 2315 fateare.
387 2256 611 2318 ³Laudaban'tur
632 2268 758 2320 oratores
782 2268 906 2330 veteres,
932 2262 1030 2319 Crassi
1055 2261 1099 2319 illi

232 2362 264 2413 et
280 2359 411 2427 Antonii,
425 2363 500 2434 quod
514 2361 635 2417 erimina
648 2363 759 2420 diluere
773 2363 910 2427 dilucide,
924 2363 999 2433 quod
1019 2359 1098 2432 eopi-

234 2461 284 2510 ose
304 2455 433 2512 ”reorum
447 2474 547 2512 causas
565 2458 721 2531 delendere
741 2459 878 2513 solerent.
898 2457 1033 2513 nimirum
1056 2455 1102 2512 illi

237 2550 300 2605 non
318 2551 436 2622 ingenio
460 2544 551 2609 solum
566 2554 619 2609 -bis
644 2554 781 2624 patronis,
806 2556 856 2609 sed
877 2555 989 2611 lortuua
1014 2555 1102 2611 etiam

236 2647 447 2719 praestiterunt.
490 2651 585 2706 Nemo
593 2650 671 2706 enim
681 2662 750 2707 tuno
759 2651 799 2706 ita
808 2655 958 2722 peccabat,
967 2656 998 2707 ut
1006 2652 1103 2708 delen·

206 2797 211 2822 ,
238 2744 313 2800 sioni
333 2746 427 2802 losum
450 2764 507 2802 non
533 2748 723 2820 relinqueret:
754 2765 840 2804 nemo
859 2749 900 2803 ita
921 2749 1052 2816 vivebat,
1071 2752 1104 2805 ut

239 2845 319 2899 nulla
330 2844 390 2913 ejus
406 2845 484 2900 vitae
496 2863 560 2915 pars
572 2862 698 2901 summae
711 2845 892 2917 turpitudinis
901 2853 977 2902 esset
985 2863 1102 2917 expers:

240 2958 326 2996 nemo
337 2942 377 2996 ita
391 2942 420 2998 in
436 2943 588 2999 manifesto
601 2950 723 3014 peccatu
738 2944 896 3009 tenebatur,
911 2950 951 3009 ut,
972 2960 1039 3000 cum
1052 2945 1105 3001 im·

240 3041 350 3111 pudens
365 3041 464 3098 luisset
482 3040 512 3096 in
526 3042 613 3106 laeto,
627 3045 687 3096 tum
706 3040 899 3112 impudentior
914 3040 1067 3110 videretur,
1079 3041 1106 3100 si

241 3144 370 3209 negaret.

291 3236 377 3290 Nune
402 3251 471 3290 vero
496 3234 563 3308 quid
594 3234 682 3293 laniat
705 3233 896 3295 Hortensius?
927 3235 1107 3296 avaritiaene

241 3331 363 3387 crimina
387 3331 555 3403 frugalitatis
577 3334 707 3389 laudibus
735 3333 931 3406 deprecetur?
954 3337 994 3391 At
1018 3336 1107 3392 homi·

161 3485 165 3496 ,
243 3446 311 3486 nem
326 3430 585 3503 flagitiosissimum,
604 3432 880 3499 libidinosissimum,
893 3432 1107 3505 nequissimum·

272 3581 478 3646 tumulantur]
510 3585 546 3633 Sic
562 3586 661 3647 rescripsi
681 3601 721 3646 pro
738 3586 869 3639 mudantur,
887 3585 946 3653 quod
964 3588 1014 3630 tota
1036 3585 1109 3633 oratio

244 3641 343 3699 requirit.
375 3644 446 3745 Saepe
456 3645 510 3689 lraee
520 3652 619 3746 tempora
628 3646 717 3690 consuas
725 3659 764 3713 per
773 3644 958 3704 oompendinuam
968 3643 1108 3703 scripturam.

245 3696 375 3759 Exemplum
386 3701 408 3746 in
425 3716 458 3746 roc
468 3702 515 3762 ipso
524 3717 563 3748 ver
579 3703 715 3749 ohnbuimus
725 3719 746 3749 ru
756 3704 859 3749 oratoriis
869 3701 937 3747 libris.

271 3777 283 3808 ⁹
296 3792 386 3823 reorum
396 3780 489 3839 sumus]
515 3781 556 3827 Ed.
568 3780 658 3827 Graevii
666 3781 733 3826 habet
742 3796 827 3834 rerum,
841 3780 898 3826 vltio
911 3794 927 3824 o
955 3795 1042 3828 mmm:
1058 3795 1109 3829 uam

242 3834 387 3892 damner,
397 3850 438 3884 uec
447 3837 562 3885 admonuit
569 3838 654 3899 aliquid
663 3839 773 3886 Graevius
782 3840 811 3885 de
820 3843 906 3885 mutata
930 3839 1018 3886 actione
