2700 4675
482 611 547 660 Ac'r
562 605 592 659 ll.
609 605 706 660 Lim
719 607 850 659 PRIMUS.
1032 605 1093 670 207

224 755 329 812 turtum
350 756 503 833 aufugerit.
544 753 598 817 Est
619 759 700 816 enim
720 760 883 822 obscurum,
902 757 933 810 et
956 748 1097 827 'ejusmodi

226 853 335 910 loetum
357 856 428 929 ejus,
447 863 480 914 ut
502 858 592 930 possit
616 856 720 929 uliquis
743 853 893 928 suspicari,
913 852 948 911 O.
964 853 1097 920 Verrem,

227 954 303 1026 quod
317 953 390 1010 ferre
414 971 508 1011 novos
531 954 663 1010 homiues
688 971 746 1010 non
768 951 901 1026 potuerit,
915 952 952 1008 ed
966 949 1099 1008 nobilita·

227 1054 297 1117 tem,
312 1052 367 1108 hoo
382 1057 435 1119 est,
449 1053 486 1109 ed
502 1070 568 1109 suos
590 1051 741 1108 transisse:
761 1049 835 1108 nihil
859 1050 963 1108 iecisse
984 1058 1099 1123 propter

228 1149 391 1221 pecuniam.
434 1150 600 1218 Videamus,
615 1150 741 1210 rationes
765 1150 1005 1224 quemadmodum
1025 1151 1098 1203 retu·

228 1247 303 1304 ierit.
345 1250 411 1307 Jem
425 1249 487 1323 ipse
500 1251 643 1316 ostendet,
663 1252 848 1323 quemobrem
863 1249 919 1304 Cn.
933 1248 1098 1305 Carbonem

228 1346 390 1419 reliquerit:
404 1348 509 1422 jamne
525 1348 586 1421 ipse
600 1347 752 1405 indicabit.
783 1346 910 1402 Primum
925 1344 1098 1401 brevitatem
1113 1364 1151 1421 14

226 1444 402 1517 eognoseite.
424 1463 545 1514 sooner,
566 1444 669 1521 iuquit,
683 1460 786 1502 morus
807 1458 954 1500 nuceum
975 1456 1099 1497 umoru-

226 1557 534 1613 rnouruouuurnnm,
562 1560 830 1609 eunosrneunros
861 1560 929 1599 xvn
957 1558 1097 1598 nonnos.

226 1656 304 1699 oum
327 1661 506 1712 surrunnm,
527 1661 708 1711 unrrnuuuo,
723 1659 868 1709 inerms,
882 1658 1098 1706 ruoounusro·

226 1757 483 1809 ninus,oon0uu1
506 1759 712 1809 ruruuoumu,
737 1759 788 1797 ms
813 1759 911 1797 nmen
933 1756 1098 1796 suxerunt

227 1853 525 1905 rnreruurouruoun
566 1859 678 1897 nrnnm
723 1856 988 1904 eunomus-suros
1030 1856 1097 1893 xvn

227 1951 366 1993 uurrnos.
397 1955 528 2001 numeni
558 1954 682 1994 nummi
715 1954 765 1991 ros
791 1952 951 1992 suxonurr
977 1954 1097 1991 munis.

228 2030 295 2090 Hoe
310 2039 354 2090 est
375 2034 502 2091 rationes
526 2030 653 2090 referre?
674 2034 730 2087 hoe
745 2023 829 2088 modo
849 2038 899 2088 aut
913 2050 977 2105 ego,
995 2037 1043 2087 eut
1060 2039 1098 2099 tu,

229 2130 378 2197 Hortensi,
402 2140 452 2189 out
471 2132 620 2205 quisquam
644 2131 794 2189 homiuum
808 2128 929 2187 retulit?
950 2130 1028 2201 Quid
1042 2134 1097 2189 hoo

228 2227 296 2289 est?
324 2245 397 2304 quae
421 2230 600 2303 impudentia
615 2227 626 2287 i
655 2248 728 2304 quae
742 2227 888 2287 audacio?
911 2232 985 2303 quod
1000 2247 1098 2286 exem·

227 2332 306 2404 plum
321 2349 357 2386 ex
373 2334 416 2386 tot
426 2329 573 2387 hominum
582 2329 741 2386 rationibus
751 2329 848 2387 relatis
859 2329 1021 2402 hujusmodi
1030 2337 1073 2385 est
1086 2326 1098 2385 i

226 2429 282 2486 Illa
296 2435 394 2486 tumen
410 2431 471 2485 H-S
487 2433 626 2484 sexcenta
641 2429 742 2495 millia,
755 2446 828 2503 quoe
843 2446 880 2484 ne
894 2427 967 2482 fulsi>
981 2429 1099 2496 quidem

227 2529 330 2601 potuit,
344 2528 445 2601 quihus
459 2528 527 2581 (late
547 2533 654 2592 esseut,
668 2526 841 2590 describere,
855 2540 929 2597 quae
943 2541 975 2579 se
990 2525 1097 2581 Arimi·

225 2625 258 2682 nl
272 2624 372 2680 soribit
396 2623 639 2697 reliquissemus
663 2623 726 2696 ipsu
753 2623 815 2679 ils
841 2629 980 2679 sexcenta
995 2622 1096 2690 millis,

226 2723 337 2796 reliqua
361 2721 438 2778 laeto
462 2726 537 2787 sunt,
552 2739 645 2794 neque
668 2722 764 2778 Carbo
787 2721 893 2795 attigit,
907 2738 999 2796 neque
1015 2723 1097 2779 Solle

226 2821 311 2888 vidit,
325 2839 418 2894 neque
431 2819 464 2876 iu
488 2818 629 2876 aerarium
649 2821 739 2876 relate
764 2827 839 2876 sont.
882 2819 1026 2892 Oppidum
1040 2820 1096 2879 sibi

226 2920 316 2993 elegit
332 2918 506 2985 Ariminum,
521 2919 597 2992 quod
611 2922 682 2985 tum,
695 2934 762 2974 oum
776 2918 831 2974 iste
855 2916 980 2974 rationes
995 2918 1097 2976 relere-

225 3019 284 3085 brt,
311 3035 478 3092 oppressum
502 3016 702 3090 direptumque
727 3023 797 3072 emt.
820 3033 876 3073 non
900 3017 1098 3088 suspicabatur

222 3116 262 3184 id,
275 3119 350 3191 quod
371 3136 447 3174 nune
463 3116 579 3183 sentiet,
594 3115 664 3172 setis
680 3117 784 3171 multos
805 3133 843 3172 ex
856 3114 909 3172 illa
922 3118 1093 3177 calamitate

227 3214 459 3272 Ariminensium
473 3221 562 3270 testes
577 3215 661 3271 nobis
675 3215 705 3271 in
721 3214 797 3270 hone
812 3232 871 3271 rem
885 3214 1008 3288 reliquos
1023 3235 1095 3273 esse.

226 3311 333 3367 Recita
355 3312 459 3367 denuo.
500 3312 534 3369 P.
549 3312 714 3379 Luuruno,
728 3312 763 3368 L.
780 3313 919 3369 Telemo
943 3331 1097 3378 retinuero-

227 3425 319 3465 nusus
341 3410 483 3475 uuonnrs',
504 3425 561 3464 uus
576 3426 739 3466 neuronuu
754 3428 952 3468 nunnunnon.
982 3412 1095 3468 Recita.

221 3504 241 3539 ³¹
251 3505 301 3562 En
316 3522 340 3560 s.
355 3522 382 3560 o.
424 3505 467 3563 Ut
479 3505 536 3562 hoe
550 3512 637 3578 puoto
651 3507 792 3567 rationem
805 3509 908 3566 reterre
924 3511 1036 3574 liceret,
1059 3524 1096 3565 eo

225 3604 363 3663 Sullanus
378 3607 496 3676 repente
510 3603 603 3660 laetus
617 3609 670 3672 est,
691 3622 750 3663 nou
764 3610 795 3663 ut
816 3607 906 3664 honos
921 3613 951 3663 et
970 3604 1097 3677 dignitas

257 3757 277 3790 ³¹
294 3754 333 3803 En
343 3754 410 3816 Sem]
440 3754 493 3802 Hor
510 3770 555 3818 quo
572 3757 674 3818 referam
693 3757 775 3819 nmio,
784 3759 826 3806 mei
835 3759 878 3806 tuit
887 3758 975 3805 initium
986 3756 1097 3805 rationum

227 3815 399 3884 recitandarum.
433 3814 567 3877 sequentia,
579 3815 611 3864 Ul
619 3815 734 3875 menete,
742 3819 857 3867 continent
870 3816 978 3875 mileum
986 3814 1103 3865 cretoso

228 3879 253 3932 et
262 3874 464 3937 reprehensionem.
