2700 4675
272 528 314 588 33
643 515 768 566 onarro
847 559 856 574 ,

218 673 260 735 34
310 669 471 728 Videamus
492 682 570 726 nuuc
596 665 728 732 strictim,
751 662 828 722 sicut
849 665 966 732 cetera,
988 678 1065 740 quae
1087 663 1142 736 post

270 774 393 828 mortem
419 770 490 826 Sex.
511 766 612 825 Roscii
635 767 687 823 abs
711 768 751 832 te,
776 762 818 820 Τ.
840 761 946 831 Rosci,
961 762 1045 821 facta
1066 768 1137 822 sunt:

270 886 344 943 quae
360 869 402 926 ita
425 871 524 940 aperta
548 869 578 922 ct
601 864 754 922 manifesta
777 865 854 928 sunt,
878 864 914 918 ut
937 862 1138 928 mediusfidius,

264 967 390 1042 judices,
411 964 521 1022 invitus
542 979 579 1020 ea
601 964 707 1021 dicam.
738 976 841 1018 vereor
864 959 960 1029 enim,
985 959 1137 1037 cnjusmodi

269 1084 312 1132 aa,
327 1065 366 1122 Τ.
382 1062 481 1131 Rosci,
502 1080 540 1120 ne
554 1062 596 1118 ita
609 1063 687 1119 hunc
701 1061 803 1119 videar
822 1059 960 1120 voluisse
974 1064 1137 1132 servarant

269 1162 324 1221 tibi
342 1162 461 1221 omnino
482 1179 541 1219 non
564 1160 751 1235 pepercerim.
792 1158 869 1218 (inm
891 1159 955 1219 hoc
979 1163 1138 1233 vercona

269 1262 356 1336 cupio
378 1262 432 1320 tibi
452 1262 548 1336 aliqua
568 1279 607 1318 ex
629 1266 720 1334 parte,
743 1260 820 1335 quod
838 1261 927 1316 salva
946 1260 1009 1319 tide
1032 1262 1136 1338 possin.

268 1379 397 1437 parcere,
425 1379 519 1420 rursus
545 1360 666 1419 immuto
692 1361 874 1417 voluntatem
898 1376 1013 1419 meam.
1056 1359 1137 1419 Venit

269 1462 349 1519 enim
373 1461 446 1519 mihi
467 1463 497 1518 in
518 1463 647 1517 mentem
660 1458 718 1516 oris
739 1456 791 1514 tui.
832 1457 934 1528 Tene,
960 1475 1034 1520 cum
1059 1456 1137 1518 cetui

269 1559 343 1618 socii
357 1560 399 1615 tui
412 1560 544 1631 lugerent
557 1574 592 1615 ac
613 1575 645 1615 sc
664 1557 854 1623 occultarent,
866 1560 900 1613 ut
927 1558 988 1616 hoc
1004 1558 1139 1632 judicium

269 1672 329 1715 non
343 1658 380 1712 de
393 1656 508 1712 illorum
532 1657 647 1727 praeda,
671 1654 723 1713 aad
743 1656 780 1712 de
801 1654 885 1727 hujus
909 1658 1067 1717 maleficio
1088 1653 1139 1717 lieri

270 1754 426 1821 videretur,
441 1752 622 1827 potissimum
647 1753 701 1812 tibi
715 1758 811 1828 partes
834 1752 906 1811 istas
930 1757 1140 1832 depoposcisse,

269 1855 347 1913 utin
364 1853 479 1929 judicio
493 1870 649 1921 versarere,
664 1858 694 1910 et
719 1853 835 1911 sederes
851 1870 930 1915 ,cum
952 1849 1140 1917 accusatore!

268 1954 290 1989 ω
300 1972 355 2031 qua
376 1955 408 2013 in
421 1972 452 2012 re
467 1953 540 2010 nihil
562 1953 641 2010 aliud
654 1952 822 2027 assequeris,
843 1950 901 2009 nisi
916 1959 951 2012 ut
964 1957 1005 2013 ab
1016 1957 1140 2016 omnibu

267 2054 436 2112 mortalibus
459 2052 582 2109 audacia
605 2056 655 2110 tua
676 2056 866 2126 cognoscatur
891 2056 926 2108 et
953 2053 1139 2130 impudentia

269 2150 378 2206 Occiso
401 2151 471 2205 Sex.
495 2149 611 2216 Roscio,
633 2150 681 2224 qui
695 2150 802 2223 primus
825 2151 981 2212 Ameriam
1011 2149 1141 2215 nuntiati

270 2244 389 2303 Mallius
414 2245 548 2312 Glaucia,
576 2263 660 2321 quem
680 2247 746 2321 jam
772 2253 860 2307 antea
886 2252 1059 2324 nominavi,
1087 2260 1141 2314 tm:

268 2347 362 2406 cliens
376 2351 406 2405 et
427 2344 583 2404 familiaris.
626 2347 704 2420 Quid
728 2349 846 2408 attinuit
867 2367 937 2410 euru
962 2355 1139 2428 potissimam

268 2445 426 2508 nuntiare?
445 2448 530 2523 quod,
554 2446 579 2504 ai
603 2449 713 2505 nullum
734 2449 798 2521 jam
824 2453 893 2507 ante
921 2454 1085 2514 consilium
1109 2453 1140 2511 ‹la

268 2554 361 2606 morte
374 2565 409 2605 ac
422 2549 459 2604 de
472 2546 555 2604 bonis
569 2547 630 2619 ejus
644 2547 760 2616 inieras,
779 2549 947 2623 nullamque
961 2554 1139 2618 socieuten,

269 2665 364 2721 neque
390 2651 517 2720 sceleris,
552 2665 645 2724 neque
672 2647 801 2722 praemii,
835 2664 902 2704 cum
930 2649 1058 2711 homine
1083 2652 1136 2711 ulla

269 2746 390 2817 coierus,
417 2750 454 2805 ad
478 2754 507 2806 te
541 2749 660 2806 minime
694 2748 824 2805 omnium
850 2746 1033 2820 pertinebat.
1088 2751 1139 2809 su

269 2853 372 2920 sponte
382 2849 500 2948 Mallius
512 2848 640 2907 nunciat.
683 2846 770 2919 Quid,
781 2862 897 2920 quaeso,
907 2846 974 2920 ejus
985 2841 1139 2908 intererat!

268 2962 317 3014 an,
338 2965 405 3005 cum
419 2949 569 3013 Ameriam
594 2965 653 3005 non
678 2947 799 3020 hujusce
823 2944 866 3002 rei
889 2961 982 3003 causa
1006 2948 1139 3013 venisset.

268 3059 338 3100 casu
361 3044 479 3110 accidit,
506 3048 538 3100 nt
564 3044 603 3110 id,
624 3046 700 3120 quod
728 3045 839 3101 Romae
865 3043 1012 3114 audierat,
1041 3047 1138 3122 primos

268 3138 437 3197 nuntiaret?
457 3141 547 3213 Cujus
561 3141 602 3198 rei
623 3159 710 3200 causa
729 3146 851 3200 venerat
875 3143 1057 3205 Ameriam?
1076 3146 1136 3203 Non

267 3255 392 3311 possum,
407 3238 508 3315 inquit,
522 3238 664 3298 divinare.
705 3243 751 3299 Eo
774 3259 835 3299 rem
854 3239 917 3313 jam
944 3236 1138 3313 adducamut

268 3335 342 3394 nihil
356 3336 538 3396 divinatione
553 3357 623 3412 opus
638 3339 685 3396 sit.
728 3340 793 3412 Qua
802 3339 915 3396 ratione
928 3338 1046 3402 Roscio
1061 3338 1136 3423 Capi·

268 3435 330 3496 toni
344 3435 465 3510 primum
484 3435 655 3496 nuntiavit?
690 3437 765 3495 Cum
780 3435 919 3497 Ameriae
943 3439 1020 3497 Sex.
1045 3434 1136 3500 Roscii

267 3537 378 3603 domus,
391 3552 473 3604 uxor,
487 3536 626 3612 liberique
642 3541 758 3604 essent3
773 3554 841 3594 cum
850 3539 893 3592 tot
906 3538 1067 3616 propinqui
1079 3552 1137 3611 cog·

267 3636 385 3711 natique
399 3633 507 3708 optime
521 3635 751 3706 convenientes;
772 3652 829 3712 qua
842 3634 1078 3698 rationeiactum
1089 3637 1135 3701 esis

298 3789 370 3851 laqua
377 3790 404 3838 s'u
412 3789 455 3851 ra]
472 3788 496 3839 ai
505 3787 557 3837 libri
563 3789 676 3850 juvarent,
687 3788 783 3839 libenter
792 3789 972 3850 eadberctum
982 3795 1010 3840 tas
1018 3806 1053 3841 re.
