2700 4675
277 517 344 579 303
610 503 803 566 mvnnnsm

279 656 425 733 equitibus
436 651 586 720 Romanis,
595 651 646 727 qui
658 652 740 710 istius
753 670 842 709 causa
852 650 974 725 cupiunt
987 652 1099 721 omnia,
1109 651 1158 729 qui

282 757 322 813 ab
339 772 377 810 co
390 751 597 826 benignissime
610 750 726 808 tractati
739 756 815 817 sunt,
828 751 1019 808 condemnari
1031 770 1154 809 necesso

281 855 379 909 met:
399 851 426 907 is
439 866 458 906 a
471 849 565 917 vobis,
572 848 699 922 judices,
710 845 731 881 ⁹¹
739 850 799 906 ulla
807 848 839 905 vi
852 852 903 904 aut
912 848 1026 905 ratione
1037 850 1153 906 absolvi

282 944 403 1023 potest?

325 1046 384 1110 Ac,
397 1062 436 1100 ne
449 1044 521 1099 forte
535 1059 579 1111 ea,
591 1059 665 1117 quae
677 1047 789 1100 remota
797 1044 835 1100 dc
845 1042 951 1110 medio,
961 1048 1047 1117 atque
1055 1046 1155 1115 erepta

284 1141 369 1200 vobis
388 1146 466 1207 sunt,
484 1140 584 1197 omnia
597 1140 639 1196 ita
652 1141 771 1198 condita
784 1141 883 1208 luisse,
896 1146 981 1215 atque
999 1141 1042 1197 ita
1054 1140 1154 1197 abdite

285 1239 407 1296 latuisse
421 1237 585 1304 videantur,
597 1243 630 1295 ut
639 1235 662 1311 ξ’
671 1238 727 1295 bac
740 1238 904 1313 diligentia,
914 1255 997 1312 quam
1008 1255 1065 1311 ego
1077 1255 1096 1293 a
1109 1254 1157 1293 me

283 1334 451 1408 exspectari
461 1334 588 1392 maxime
600 1341 680 1409 puto,
689 1335 762 1393 nibil
777 1337 878 1393 bonum
890 1334 1069 1408 investigari,
1077 1334 1154 1391 nibil

284 1434 401 1507 assequi
413 1433 556 1506 potuerit:
576 1451 649 1510 quae
667 1434 793 1492 consilio
808 1434 906 1509 aliquo
917 1438 965 1490 aut
983 1431 1096 1489 ratione
1109 1430 1155 1490 iu·

286 1530 384 1587 veniri
398 1536 560 1603 potuerunt,
572 1532 697 1589 inventa
710 1538 785 1600 sunt,
799 1532 925 1604 judices.
950 1529 1110 1589 manifestis
1122 1530 1155 1588 in

286 1628 371 1684 rebus
386 1628 534 1683 bominem
545 1629 610 1698 jam
630 1628 724 1685 teneri
738 1630 885 1686 videbitis.
927 1631 955 1685 N
959 1646 1007 1685 am
1026 1629 1099 1701 quod
1122 1628 1155 1684 in

286 1723 506 1797 publicanorum
512 1724 607 1779 causis
617 1727 665 1780 vel
677 1725 830 1796 plurimum
840 1725 946 1781 aetatis
957 1744 1041 1783 meae
1049 1742 1156 1793 versor,

190 1860 194 1864 -
288 1821 536 1893 vehementerque
544 1820 631 1877 *illum
642 1820 774 1878 ordinem
783 1823 917 1889 observo,
927 1826 999 1881 satis
1008 1824 1158 1881 commode

241 1935 283 2001 74
291 1918 365 1978 mibi
382 1918 484 1976 uidcor
507 1935 604 1977 eorum
621 1919 862 1978 consuetudinem
885 1938 938 1977 usu
952 1923 1158 1997 tractandoque
1240 1959 1244 1968 «

292 2033 445 2092 cognosse.

334 2116 436 2189 ltaque
455 2118 489 2171 ut
506 2115 563 2172 boc
574 2114 713 2187 comperi,
726 2119 849 2173 remotas
866 2132 930 2173 esse
944 2116 1055 2173 litteras
1068 2117 1159 2173 socie·

293 2212 382 2280 tatis3
403 2210 489 2268 babui
508 2212 650 2269 rationem
670 2230 818 2281 annorum,
831 2230 882 2286 per
892 2230 963 2285 quos
983 2213 1039 2269 istc
1059 2214 1091 2270 in
1115 2214 1161 2271 Si·

293 2310 365 2371 cilia
379 2310 493 2368 luisset:
514 2309 620 2368 deinde
631 2311 773 2386 quaesivi,
782 2312 857 2386 quod
866 2315 926 2367 erat
939 2310 1063 2366 inventu
1077 2311 1161 2369 sacil-

294 2410 406 2477 limum,
419 2409 468 2483 qui
486 2425 539 2482 per
557 2410 674 2466 eosdem
688 2426 780 2466 annos
797 2407 818 2441 ⁹⁰
827 2407 955 2483 magistri
968 2407 1050 2464 istius
1064 2408 1161 2467 socie·

295 2509 364 2565 tatis
388 2506 517 2564 inissent
537 2508 665 2565 sciebam
686 2508 765 2564 enim
784 2509 860 2564 hauc
880 2507 1087 2581 magistrorum,
1111 2509 1161 2582 qui

295 2607 409 2661 tabulas
422 2605 571 2672 haberent,
584 2603 821 2662 consuetudinem
834 2622 908 2672 esse,
916 2610 957 2671 ut,
967 2622 1033 2661 cum
1048 2607 1159 2662 tabulas

296 2718 376 2759 novo
395 2703 531 2776 magistro
551 2705 705 2770 traderent,
719 2705 852 2775 exempla
870 2703 1028 2760 litterarum
1041 2703 1098 2775 ipsi
1112 2704 1161 2759 ha·

296 2800 365 2857 bere
390 2818 449 2857 non
473 2801 593 2858 nollent.
636 2803 737 2876 ltaque
763 2803 800 2857 ad
827 2803 863 2858 L.
877 2801 1006 2868 Vibium,
1034 2801 1160 2874 equitem

297 2897 471 2964 Romanum,
480 2898 573 2955 virum
584 2897 758 2970 primarium,
769 2916 854 2974 quem
867 2898 1043 2971 reperiebam
1056 2898 1158 2972 magis-

325 3054 349 3086 ⁹⁷
363 3057 412 3099 rullo
421 3055 446 3099 oi
453 3059 494 3100 cul
502 3057 585 3100 ratione
594 3057 694 3116 absolui]
725 3060 843 3109 Quomodo
853 3060 878 3106 oi
882 3061 893 3106 l
906 3073 961 3120 quae
967 3057 1000 3103 vis
1009 3056 1032 3102 in
1041 3056 1158 3102 absolven-

297 3109 327 3154 do
336 3110 430 3165 intelligi
439 3113 531 3178 potest?
555 3113 779 3211 Legendumyidetur
792 3119 842 3161 ulto
851 3120 889 3164 oin
904 3122 942 3164 cul
956 3117 1002 3176 (vel
1011 3117 1041 3171 eli
1058 3116 1158 3162 rstimre:

295 3167 356 3226 quod
371 3170 404 3209 est
413 3170 575 3211 usrtatnsrmum
606 3181 694 3213 rceroru.
720 3170 756 3214 Sic
765 3173 843 3230 paullo
854 3182 905 3234 post
917 3175 1004 3221 wntilr'o
1018 3179 1058 3221 uui
1067 3175 1159 3220 ratione.

327 3242 347 3274 ⁹⁸
362 3241 401 3286 hoc
417 3239 555 3308 diligentiu—
571 3267 580 3274 -
594 3243 723 3300 investigari
737 3272 747 3279 -
760 3273 770 3279 -
788 3263 833 3295 usse
863 3255 873 3298 i
889 3254 1001 3314 poluerit]
1033 3252 1069 3299 stc
1086 3267 1160 3298 omncs

297 3300 356 3350 libri.
388 3299 445 3350 ΟΜ
461 3298 538 3367 (iusim
554 3302 594 3355 0⁸ss
604 3301 688 3369 “timi
702 3305 788 3365 passive
803 3308 854 3365 dier,
865 3317 889 3357 ut
900 3314 969 3358 visum
984 3311 1085 3365 Mureto,
1096 3312 1162 3356 credo

299 3361 427 3409 Ciceronem
437 3371 544 3416 scnpsrsse
552 3358 603 3405 lmsc
612 3360 653 3407 dal.
670 3388 679 3396 ·
694 3389 703 3398 -
717 3364 855 3424 inuestigare,
862 3372 946 3430 assequi
954 3385 977 3427 p.
1007 3370 1040 3417 Et
1050 3370 1121 3426 rideo,
1130 3369 1160 3414 sic

296 3422 344 3480 jam
358 3420 380 3466 J.
393 3419 431 3464 Fr.
442 3416 555 3462 Gronovio
564 3418 670 3478 placuisse
679 3423 733 3470 obs.
744 3425 762 3481 l,
774 3428 807 3471 12.

329 3500 351 3531 ⁰⁹
364 3494 632 3558 m.socieiutisfuissenl.]
664 3500 708 3546 Hic
718 3502 765 3548 Ms.
777 3502 859 3548 Nanmi
869 3507 893 3550 et
902 3506 940 3551 Fr.
953 3507 1105 3564 babentupud
1153 3516 1164 3551 l

300 3557 388 3603 ababa
399 3555 510 3612 fuissent:
527 3557 585 3614 quod
603 3559 728 3618 repudiavit
744 3561 859 3617 Gruterus,
879 3564 963 3624 recepit
973 3565 1089 3612 Graevius.
1113 3521 1164 3621 Ego

300 3614 420 3663 Gruterum
434 3628 521 3675 sequor,
530 3617 632 3676 putoque,
643 3631 670 3662 ea
679 3619 747 3667 verba
763 3635 810 3665 esse
826 3635 840 3664 a
853 3621 984 3680 glossatore,
995 3625 1034 3730 ‹ffii
1045 3626 1100 3670 banc
1110 3624 1164 3680 glos-

303 3689 348 3720 sam
359 3687 440 3733 ereqq.
452 3671 535 3742 fecerit.
565 3673 623 3718 Nam
633 3675 651 3719 si
661 3674 693 3722 ita
702 3685 736 3726 est
745 3693 760 3726 a
769 3678 883 3736 Cicerone,
893 3681 990 3728 alterum
1026 3684 1064 3742 ud,
1074 3681 1166 3743 quitab-

302 3733 352 3778 ulcr
361 3732 471 3793 inherent,
479 3731 559 3792 sngrdc
567 3732 683 3782 redundat.

170 3852 226 4027 't

182 4034 218 4116 l
