<?xml version="1.0" encoding="UTF-8"?>
<!DOCTYPE html PUBLIC "-//W3C//DTD XHTML 1.0 Transitional//EN"
    "http://www.w3.org/TR/xhtml1/DTD/xhtml1-transitional.dtd">
<html xmlns="http://www.w3.org/1999/xhtml" xml:lang="en" lang="en">
 <head>
  <title>
</title>
<meta http-equiv="Content-Type" content="text/html;charset=utf-8" />
  <meta name='ocr-system' content='tesseract 3.04.00' />
  <meta name='ocr-capabilities' content='ocr_page ocr_carea ocr_par ocr_line ocrx_word'/>
</head>
<body>
  <div class='ocr_page' id='page_1' title='image "./mtvlliiciceroni04cicegoog_0300.png"; bbox 0 0 2700 4675; ppageno 0'>
   <div class='ocr_carea' id='block_1_1' title="bbox 287 553 820 618">
    <p class='ocr_par' dir='ltr' id='par_1_1' title="bbox 287 553 820 618">
     <span class='ocr_line' id='line_1_1' title="bbox 287 553 820 618; baseline 0.002 0"><span class='ocrx_word' id='word_1_1' title='bbox 287 559 352 618; x_wconf 73' lang='lat'><strong>268</strong></span> <span class='ocrx_word' id='word_1_2' title='bbox 627 553 820 606; x_wconf 64' lang='grc' dir='ltr'><strong>ΙΠΕΒΒΕΜ</strong></span> 
     </span>
    </p>
   </div>
   <div class='ocr_carea' id='block_1_2' title="bbox 202 700 1163 3343">
    <p class='ocr_par' dir='ltr' id='par_1_2' title="bbox 279 700 1163 2060">
     <span class='ocr_line' id='line_1_2' title="bbox 287 700 1162 779; baseline 0.001 -22"><span class='ocrx_word' id='word_1_3' title='bbox 287 700 435 760; x_wconf 81' lang='lat' dir='ltr'><strong>eommuui</strong></span> <span class='ocrx_word' id='word_1_4' title='bbox 447 702 593 775; x_wconf 82' lang='lat' dir='ltr'><strong>proesidio</strong></span> <span class='ocrx_word' id='word_1_5' title='bbox 605 705 673 763; x_wconf 81' lang='lat' dir='ltr'><strong>telis</strong></span> <span class='ocrx_word' id='word_1_6' title='bbox 686 703 863 779; x_wconf 68' lang='lat' dir='ltr'><strong>immobiles,</strong></span> <span class='ocrx_word' id='word_1_7' title='bbox 875 706 1023 776; x_wconf 71' lang='lat' dir='ltr'><strong>umquam</strong></span> <span class='ocrx_word' id='word_1_8' title='bbox 1043 701 1162 775; x_wconf 77' lang='lat' dir='ltr'><strong>aliquod</strong></span> 
     </span>
     <span class='ocr_line' id='line_1_3' title="bbox 286 799 1163 877; baseline 0.002 -22"><span class='ocrx_word' id='word_1_9' title='bbox 286 799 465 868; x_wconf 72' lang='lat' dir='ltr'><strong>inoeudium</strong></span> <span class='ocrx_word' id='word_1_10' title='bbox 487 803 694 877; x_wconf 76' lang='lat' dir='ltr'><strong>restinguenda</strong></span> <span class='ocrx_word' id='word_1_11' title='bbox 714 808 767 860; x_wconf 85' lang='lat' dir='ltr'><strong>est</strong></span> <span class='ocrx_word' id='word_1_12' title='bbox 791 804 930 859; x_wconf 89' lang='lat' dir='ltr'><strong>habemus</strong></span> <span class='ocrx_word' id='word_1_13' title='bbox 953 800 1034 859; x_wconf 87' lang='lat' dir='ltr'><strong>euim</strong></span> <span class='ocrx_word' id='word_1_14' title='bbox 1055 800 1163 858; x_wconf 80' lang='lat' dir='ltr'><strong>liberos</strong></span> 
     </span>
     <span class='ocr_line' id='line_1_4' title="bbox 286 900 1161 978; baseline 0 -23"><span class='ocrx_word' id='word_1_15' title='bbox 286 915 400 971; x_wconf 85' lang='lat' dir='ltr'><strong>parvos.</strong></span> <span class='ocrx_word' id='word_1_16' title='bbox 425 900 569 960; x_wconf 81' lang='lat' dir='ltr'><strong>incertum</strong></span> <span class='ocrx_word' id='word_1_17' title='bbox 590 909 644 971; x_wconf 84' lang='lat' dir='ltr'><strong>eat,</strong></span> <span class='ocrx_word' id='word_1_18' title='bbox 656 921 743 978; x_wconf 81' lang='lat' dir='ltr'><strong>quam</strong></span> <span class='ocrx_word' id='word_1_19' title='bbox 765 905 854 975; x_wconf 79' lang='lat' dir='ltr'><strong>longa</strong></span> <span class='ocrx_word' id='word_1_20' title='bbox 874 906 1004 959; x_wconf 88' lang='lat' dir='ltr'><strong>nostrum</strong></span> <span class='ocrx_word' id='word_1_21' title='bbox 1022 900 1161 974; x_wconf 72' lang='lat' dir='ltr'><strong>eru&#39;usque</strong></span> 
     </span>
     <span class='ocr_line' id='line_1_5' title="bbox 286 996 1160 1073; baseline 0.007 -22"><span class='ocrx_word' id='word_1_22' title='bbox 286 996 349 1053; x_wconf 86' lang='lat' dir='ltr'><strong>vita</strong></span> <span class='ocrx_word' id='word_1_23' title='bbox 362 998 457 1055; x_wconf 77' lang='lat' dir='ltr'><strong>sutura</strong></span> <span class='ocrx_word' id='word_1_24' title='bbox 468 1000 516 1056; x_wconf 83' lang='lat' dir='ltr'><strong>sit.</strong></span> <span class='ocrx_word' id='word_1_25' title='bbox 536 1004 691 1059; x_wconf 82' lang='lat' dir='ltr'><strong>eonsulere</strong></span> <span class='ocrx_word' id='word_1_26' title='bbox 705 1001 770 1059; x_wconf 89' lang='lat' dir='ltr'><strong>vivi</strong></span> <span class='ocrx_word' id='word_1_27' title='bbox 784 1016 820 1058; x_wconf 82' lang='lat' dir='ltr'><strong>ae</strong></span> <span class='ocrx_word' id='word_1_28' title='bbox 833 998 998 1073; x_wconf 77' lang='lat' dir='ltr'><strong>prospicere</strong></span> <span class='ocrx_word' id='word_1_29' title='bbox 1010 1000 1160 1067; x_wconf 84' lang='lat' dir='ltr'><strong>debemus,</strong></span> 
     </span>
     <span class='ocr_line' id='line_1_6' title="bbox 285 1093 1162 1173; baseline 0.002 -21"><span class='ocrx_word' id='word_1_30' title='bbox 285 1099 317 1152; x_wconf 85' lang='lat' dir='ltr'><strong>ut</strong></span> <span class='ocrx_word' id='word_1_31' title='bbox 329 1093 444 1154; x_wconf 86' lang='lat' dir='ltr'><strong>illomm</strong></span> <span class='ocrx_word' id='word_1_32' title='bbox 455 1096 580 1155; x_wconf 89' lang='lat' dir='ltr'><strong>solitudo</strong></span> <span class='ocrx_word' id='word_1_33' title='bbox 590 1103 621 1155; x_wconf 90' lang='lat' dir='ltr'><strong>et</strong></span> <span class='ocrx_word' id='word_1_34' title='bbox 640 1098 765 1172; x_wconf 88' lang='lat' dir='ltr'><strong>pueritia</strong></span> <span class='ocrx_word' id='word_1_35' title='bbox 777 1115 863 1173; x_wconf 86' lang='lat' dir='ltr'><strong>quam</strong></span> <span class='ocrx_word' id='word_1_36' title='bbox 876 1096 1042 1156; x_wconf 84' lang='lat' dir='ltr'><strong>firmissimo</strong></span> <span class='ocrx_word' id='word_1_37' title='bbox 1054 1095 1162 1171; x_wconf 74' lang='lat' dir='ltr'><strong>praesi-</strong></span> 
     </span>
     <span class='ocr_line' id='line_1_7' title="bbox 284 1193 1160 1271; baseline 0 -19"><span class='ocrx_word' id='word_1_38' title='bbox 284 1193 335 1252; x_wconf 90' lang='lat' dir='ltr'><strong>dio</strong></span> <span class='ocrx_word' id='word_1_39' title='bbox 348 1195 460 1253; x_wconf 87' lang='lat' dir='ltr'><strong>munita</strong></span> <span class='ocrx_word' id='word_1_40' title='bbox 472 1196 519 1253; x_wconf 77' lang='lat' dir='ltr'><strong>sit.</strong></span> <span class='ocrx_word' id='word_1_41' title='bbox 562 1197 634 1270; x_wconf 78' lang='lat' dir='ltr'><strong>Quis</strong></span> <span class='ocrx_word' id='word_1_42' title='bbox 655 1203 702 1255; x_wconf 88' lang='lat' dir='ltr'><strong>est</strong></span> <span class='ocrx_word' id='word_1_43' title='bbox 722 1197 812 1265; x_wconf 83' lang='lat' dir='ltr'><strong>enim,</strong></span> <span class='ocrx_word' id='word_1_44' title='bbox 824 1197 875 1271; x_wconf 84' lang='lat' dir='ltr'><strong>qui</strong></span> <span class='ocrx_word' id='word_1_45' title='bbox 895 1196 971 1254; x_wconf 88' lang='lat' dir='ltr'><strong>tueri</strong></span> <span class='ocrx_word' id='word_1_46' title='bbox 984 1197 1075 1269; x_wconf 87' lang='lat' dir='ltr'><strong>possit</strong></span> <span class='ocrx_word' id='word_1_47' title='bbox 1088 1196 1160 1252; x_wconf 89' lang='lat' dir='ltr'><strong>libe·</strong></span> 
     </span>
     <span class='ocr_line' id='line_1_8' title="bbox 284 1288 1157 1369; baseline 0.005 -21"><span class='ocrx_word' id='word_1_48' title='bbox 284 1288 348 1348; x_wconf 86' lang='lat' dir='ltr'><strong>rdm</strong></span> <span class='ocrx_word' id='word_1_49' title='bbox 361 1298 523 1352; x_wconf 87' lang='lat' dir='ltr'><strong>uestrorum</strong></span> <span class='ocrx_word' id='word_1_50' title='bbox 536 1296 690 1369; x_wconf 86' lang='lat' dir='ltr'><strong>pueritiam</strong></span> <span class='ocrx_word' id='word_1_51' title='bbox 702 1301 805 1355; x_wconf 86' lang='lat' dir='ltr'><strong>eontra</strong></span> <span class='ocrx_word' id='word_1_52' title='bbox 817 1294 1031 1368; x_wconf 70' lang='lat' dir='ltr'><strong>improbitatem</strong></span> <span class='ocrx_word' id='word_1_53' title='bbox 1051 1292 1157 1365; x_wconf 73' lang='lat' dir='ltr'><strong>magis·</strong></span> 
     </span>
     <span class='ocr_line' id='line_1_9' title="bbox 285 1390 1155 1468; baseline 0.007 -21"><span class='ocrx_word' id='word_1_54' title='bbox 285 1390 434 1451; x_wconf 82' lang='lat' dir='ltr'><strong>tratuum?</strong></span> <span class='ocrx_word' id='word_1_55' title='bbox 467 1394 573 1462; x_wconf 81' lang='lat' dir='ltr'><strong>Mater,</strong></span> <span class='ocrx_word' id='word_1_56' title='bbox 597 1397 694 1454; x_wconf 80' lang='lat' dir='ltr'><strong>eredo</strong></span> <span class='ocrx_word' id='word_1_57' title='bbox 736 1395 861 1454; x_wconf 77' lang='lat' dir='ltr'><strong>Scilicet</strong></span> <span class='ocrx_word' id='word_1_58' title='bbox 881 1409 986 1468; x_wconf 78' lang='lat' dir='ltr'><strong>magno</strong></span> <span class='ocrx_word' id='word_1_59' title='bbox 1007 1390 1155 1466; x_wconf 71' lang='lat' dir='ltr'><strong>praesidio</strong></span> 
     </span>
     <span class='ocr_line' id='line_1_10' title="bbox 283 1488 1157 1567; baseline 0.018 -23"><span class='ocrx_word' id='word_1_60' title='bbox 283 1488 339 1546; x_wconf 80' lang='lat' dir='ltr'><strong>luit</strong></span> <span class='ocrx_word' id='word_1_61' title='bbox 352 1491 473 1550; x_wconf 84' lang='lat' dir='ltr'><strong>Anniae</strong></span> <span class='ocrx_word' id='word_1_62' title='bbox 486 1494 614 1567; x_wconf 92' lang='lat' dir='ltr'><strong>pupillae</strong></span> <span class='ocrx_word' id='word_1_63' title='bbox 627 1499 728 1562; x_wconf 88' lang='lat' dir='ltr'><strong>mater,</strong></span> <span class='ocrx_word' id='word_1_64' title='bbox 737 1494 864 1552; x_wconf 78' lang='lat' dir='ltr'><strong>foemina</strong></span> <span class='ocrx_word' id='word_1_65' title='bbox 877 1491 1028 1567; x_wconf 77' lang='lat' dir='ltr'><strong>prImaris:</strong></span> <span class='ocrx_word' id='word_1_66' title='bbox 1049 1489 1157 1559; x_wconf 73' lang='lat' dir='ltr'><strong>minua</strong></span> 
     </span>
     <span class='ocr_line' id='line_1_11' title="bbox 285 1585 1159 1666; baseline 0.007 -24"><span class='ocrx_word' id='word_1_67' title='bbox 285 1585 338 1642; x_wconf 89' lang='lat' dir='ltr'><strong>ille</strong></span> <span class='ocrx_word' id='word_1_68' title='bbox 349 1588 421 1645; x_wconf 87' lang='lat' dir='ltr'><strong>deos</strong></span> <span class='ocrx_word' id='word_1_69' title='bbox 435 1591 624 1666; x_wconf 69' lang='lat' dir='ltr'><strong>hominesque</strong></span> <span class='ocrx_word' id='word_1_70' title='bbox 637 1593 821 1666; x_wconf 87' lang='lat' dir='ltr'><strong>implorante,</strong></span> <span class='ocrx_word' id='word_1_71' title='bbox 833 1592 891 1649; x_wconf 86' lang='lat' dir='ltr'><strong>iste</strong></span> <span class='ocrx_word' id='word_1_72' title='bbox 902 1590 1008 1648; x_wconf 76' lang='lat' dir='ltr'><strong>infanti</strong></span> <span class='ocrx_word' id='word_1_73' title='bbox 1028 1589 1159 1663; x_wconf 85' lang='lat' dir='ltr'><strong>pupillae</strong></span> 
     </span>
     <span class='ocr_line' id='line_1_12' title="bbox 279 1683 1159 1761; baseline 0.002 -17"><span class='ocrx_word' id='word_1_74' title='bbox 279 1683 664 1759; x_wconf 81' lang='lat' dir='ltr'><strong>lortuuaspatriaeademit?</strong></span> <span class='ocrx_word' id='word_1_75' title='bbox 683 1692 850 1748; x_wconf 78' lang='lat' dir='ltr'><strong>Tutoresue</strong></span> <span class='ocrx_word' id='word_1_76' title='bbox 860 1685 1074 1748; x_wconf 78' lang='lat' dir='ltr'><strong>defenderent?</strong></span> <span class='ocrx_word' id='word_1_77' title='bbox 1094 1705 1159 1761; x_wconf 82' lang='lat' dir='ltr'><strong>per·</strong></span> 
     </span>
     <span class='ocr_line' id='line_1_13' title="bbox 282 1782 1159 1863; baseline 0.006 -23"><span class='ocrx_word' id='word_1_78' title='bbox 282 1782 370 1841; x_wconf 81' lang='lat' dir='ltr'><strong>laeile</strong></span> <span class='ocrx_word' id='word_1_79' title='bbox 386 1801 458 1843; x_wconf 81' lang='lat' dir='ltr'><strong>vero</strong></span> <span class='ocrx_word' id='word_1_80' title='bbox 470 1789 546 1860; x_wconf 84' lang='lat' dir='ltr'><strong>apud</strong></span> <span class='ocrx_word' id='word_1_81' title='bbox 559 1787 721 1846; x_wconf 73' lang='lat' dir='ltr'><strong>istiusmodi</strong></span> <span class='ocrx_word' id='word_1_82' title='bbox 735 1795 906 1863; x_wconf 81' lang='lat' dir='ltr'><strong>praetorem,</strong></span> <span class='ocrx_word' id='word_1_83' title='bbox 919 1805 938 1845; x_wconf 81' lang='lat' dir='ltr'><strong>a</strong></span> <span class='ocrx_word' id='word_1_84' title='bbox 952 1803 1009 1863; x_wconf 87' lang='lat' dir='ltr'><strong>quo</strong></span> <span class='ocrx_word' id='word_1_85' title='bbox 1022 1787 1067 1845; x_wconf 82' lang='lat' dir='ltr'><strong>M.</strong></span> <span class='ocrx_word' id='word_1_86' title='bbox 1080 1787 1159 1846; x_wconf 80' lang='lat' dir='ltr'><strong>Mer·</strong></span> 
     </span>
     <span class='ocr_line' id='line_1_14' title="bbox 281 1880 1159 1961; baseline 0.006 -23"><span class='ocrx_word' id='word_1_87' title='bbox 281 1880 352 1940; x_wconf 86' lang='lat' dir='ltr'><strong>eelli</strong></span> <span class='ocrx_word' id='word_1_88' title='bbox 370 1884 483 1955; x_wconf 83' lang='lat' dir='ltr'><strong>tutoris,</strong></span> <span class='ocrx_word' id='word_1_89' title='bbox 502 1886 535 1946; x_wconf 84' lang='lat' dir='ltr'><strong>iu</strong></span> <span class='ocrx_word' id='word_1_90' title='bbox 554 1903 643 1945; x_wconf 87' lang='lat' dir='ltr'><strong>eausa</strong></span> <span class='ocrx_word' id='word_1_91' title='bbox 665 1887 770 1961; x_wconf 76' lang='lat' dir='ltr'><strong>pupilli</strong></span> <span class='ocrx_word' id='word_1_92' title='bbox 784 1887 877 1955; x_wconf 84' lang='lat' dir='ltr'><strong>lunii,</strong></span> <span class='ocrx_word' id='word_1_93' title='bbox 889 1891 920 1945; x_wconf 83' lang='lat' dir='ltr'><strong>et</strong></span> <span class='ocrx_word' id='word_1_94' title='bbox 945 1886 1048 1955; x_wconf 83' lang='lat' dir='ltr'><strong>orado,</strong></span> <span class='ocrx_word' id='word_1_95' title='bbox 1061 1890 1094 1944; x_wconf 89' lang='lat' dir='ltr'><strong>et</strong></span> <span class='ocrx_word' id='word_1_96' title='bbox 1107 1903 1159 1943; x_wconf 85' lang='lat' dir='ltr'><strong>vo·</strong></span> 
     </span>
     <span class='ocr_line' id='line_1_15' title="bbox 281 1983 833 2060; baseline 0.007 -21"><span class='ocrx_word' id='word_1_97' title='bbox 281 1983 387 2051; x_wconf 86' lang='lat' dir='ltr'><strong>luntas,</strong></span> <span class='ocrx_word' id='word_1_98' title='bbox 400 1990 432 2043; x_wconf 94' lang='lat' dir='ltr'><strong>et</strong></span> <span class='ocrx_word' id='word_1_99' title='bbox 444 1987 602 2044; x_wconf 86' lang='lat' dir='ltr'><strong>auotoritas</strong></span> <span class='ocrx_word' id='word_1_100' title='bbox 614 1988 765 2060; x_wconf 81' lang='lat' dir='ltr'><strong>repudiata</strong></span> <span class='ocrx_word' id='word_1_101' title='bbox 778 1993 833 2045; x_wconf 90' lang='lat' dir='ltr'><strong>est.</strong></span> 
     </span>
    </p>

    <p class='ocr_par' dir='ltr' id='par_1_3' title="bbox 202 2081 1155 3343">
     <span class='ocr_line' id='line_1_16' title="bbox 202 2081 1155 2166; baseline 0.003 -28"><span class='ocrx_word' id='word_1_102' title='bbox 202 2155 203 2159; x_wconf 6' lang='grc' dir='ltr'><strong>Ἰ</strong></span> <span class='ocrx_word' id='word_1_103' title='bbox 229 2108 270 2166; x_wconf 76' lang='lat'><strong>59</strong></span> <span class='ocrx_word' id='word_1_104' title='bbox 323 2082 496 2152; x_wconf 70' lang='lat' dir='ltr'><strong>Quaerimus</strong></span> <span class='ocrx_word' id='word_1_105' title='bbox 508 2086 608 2153; x_wconf 89' lang='lat' dir='ltr'><strong>etiam,</strong></span> <span class='ocrx_word' id='word_1_106' title='bbox 617 2084 687 2159; x_wconf 87' lang='lat' dir='ltr'><strong>quid</strong></span> <span class='ocrx_word' id='word_1_107' title='bbox 700 2085 757 2143; x_wconf 85' lang='lat' dir='ltr'><strong>iate</strong></span> <span class='ocrx_word' id='word_1_108' title='bbox 770 2086 803 2143; x_wconf 88' lang='lat' dir='ltr'><strong>iu</strong></span> <span class='ocrx_word' id='word_1_109' title='bbox 814 2084 918 2143; x_wconf 84' lang='lat' dir='ltr'><strong>ultima</strong></span> <span class='ocrx_word' id='word_1_110' title='bbox 932 2083 1072 2158; x_wconf 72' lang='lat' dir='ltr'><strong>Phrygia.</strong></span> <span class='ocrx_word' id='word_1_111' title='bbox 1086 2081 1155 2159; x_wconf 89' lang='lat' dir='ltr'><strong>quid</strong></span> 
     </span>
     <span class='ocr_line' id='line_1_17' title="bbox 280 2176 1153 2257; baseline 0.007 -25"><span class='ocrx_word' id='word_1_112' title='bbox 280 2176 312 2233; x_wconf 87' lang='lat' dir='ltr'><strong>iu</strong></span> <span class='ocrx_word' id='word_1_113' title='bbox 330 2182 470 2238; x_wconf 83' lang='lat' dir='ltr'><strong>extremis</strong></span> <span class='ocrx_word' id='word_1_114' title='bbox 491 2183 685 2255; x_wconf 76' lang='lat' dir='ltr'><strong>Pamphyliae</strong></span> <span class='ocrx_word' id='word_1_115' title='bbox 704 2184 835 2256; x_wconf 85' lang='lat' dir='ltr'><strong>partibus</strong></span> <span class='ocrx_word' id='word_1_116' title='bbox 854 2179 982 2241; x_wconf 73' lang='lat' dir='ltr'><strong>feeerit?</strong></span> <span class='ocrx_word' id='word_1_117' title='bbox 1006 2182 1101 2257; x_wconf 82' lang='lat' dir='ltr'><strong>qualis</strong></span> <span class='ocrx_word' id='word_1_118' title='bbox 1122 2181 1153 2238; x_wconf 86' lang='lat' dir='ltr'><strong>irr</strong></span> 
     </span>
     <span class='ocr_line' id='line_1_18' title="bbox 278 2278 1154 2357; baseline -0.005 -15"><span class='ocrx_word' id='word_1_119' title='bbox 278 2284 357 2342; x_wconf 89' lang='lat' dir='ltr'><strong>bello</strong></span> <span class='ocrx_word' id='word_1_120' title='bbox 366 2280 544 2356; x_wconf 86' lang='lat' dir='ltr'><strong>praedonum</strong></span> <span class='ocrx_word' id='word_1_121' title='bbox 554 2282 661 2354; x_wconf 89' lang='lat' dir='ltr'><strong>praedo</strong></span> <span class='ocrx_word' id='word_1_122' title='bbox 671 2281 733 2355; x_wconf 89' lang='lat' dir='ltr'><strong>ipse</strong></span> <span class='ocrx_word' id='word_1_123' title='bbox 755 2281 852 2351; x_wconf 81' lang='lat' dir='ltr'><strong>luerit,</strong></span> <span class='ocrx_word' id='word_1_124' title='bbox 871 2282 920 2357; x_wconf 89' lang='lat' dir='ltr'><strong>qui</strong></span> <span class='ocrx_word' id='word_1_125' title='bbox 934 2282 966 2340; x_wconf 81' lang='lat' dir='ltr'><strong>iu</strong></span> <span class='ocrx_word' id='word_1_126' title='bbox 980 2281 1043 2339; x_wconf 78' lang='lat' dir='ltr'><strong>foro</strong></span> <span class='ocrx_word' id='word_1_127' title='bbox 1056 2278 1154 2355; x_wconf 87' lang='lat' dir='ltr'><strong>populi</strong></span> 
     </span>
     <span class='ocr_line' id='line_1_19' title="bbox 279 2379 1155 2456; baseline -0.006 -14"><span class='ocrx_word' id='word_1_128' title='bbox 279 2382 409 2442; x_wconf 84' lang='lat' dir='ltr'><strong>Romani</strong></span> <span class='ocrx_word' id='word_1_129' title='bbox 422 2381 515 2456; x_wconf 82' lang='lat' dir='ltr'><strong>pirata</strong></span> <span class='ocrx_word' id='word_1_130' title='bbox 532 2380 658 2440; x_wconf 81' lang='lat' dir='ltr'><strong>nefarius</strong></span> <span class='ocrx_word' id='word_1_131' title='bbox 678 2379 857 2454; x_wconf 83' lang='lat' dir='ltr'><strong>reperiatur?</strong></span> <span class='ocrx_word' id='word_1_132' title='bbox 889 2379 1075 2448; x_wconf 85' lang='lat' dir='ltr'><strong>Dubitamus,</strong></span> <span class='ocrx_word' id='word_1_133' title='bbox 1089 2379 1155 2454; x_wconf 85' lang='lat' dir='ltr'><strong>quid</strong></span> 
     </span>
     <span class='ocr_line' id='line_1_20' title="bbox 280 2478 1152 2555; baseline -0.005 -14"><span class='ocrx_word' id='word_1_134' title='bbox 280 2483 339 2542; x_wconf 86' lang='lat' dir='ltr'><strong>iste</strong></span> <span class='ocrx_word' id='word_1_135' title='bbox 353 2483 384 2541; x_wconf 88' lang='lat' dir='ltr'><strong>in</strong></span> <span class='ocrx_word' id='word_1_136' title='bbox 398 2481 524 2539; x_wconf 84' lang='lat' dir='ltr'><strong>hostium</strong></span> <span class='ocrx_word' id='word_1_137' title='bbox 536 2483 643 2555; x_wconf 88' lang='lat' dir='ltr'><strong>praeda</strong></span> <span class='ocrx_word' id='word_1_138' title='bbox 655 2481 772 2539; x_wconf 78' lang='lat' dir='ltr'><strong>molita</strong></span> <span class='ocrx_word' id='word_1_139' title='bbox 787 2481 834 2551; x_wconf 88' lang='lat' dir='ltr'><strong>sit,</strong></span> <span class='ocrx_word' id='word_1_140' title='bbox 855 2480 904 2555; x_wconf 90' lang='lat' dir='ltr'><strong>qui</strong></span> <span class='ocrx_word' id='word_1_141' title='bbox 925 2481 1078 2539; x_wconf 81' lang='lat' dir='ltr'><strong>manubiae</strong></span> <span class='ocrx_word' id='word_1_142' title='bbox 1097 2478 1152 2537; x_wconf 84' lang='lat' dir='ltr'><strong>eibi</strong></span> 
     </span>
     <span class='ocr_line' id='line_1_21' title="bbox 278 2576 1151 2653; baseline -0.005 -14"><span class='ocrx_word' id='word_1_143' title='bbox 278 2587 374 2639; x_wconf 82' lang='lat' dir='ltr'><strong>tantae</strong></span> <span class='ocrx_word' id='word_1_144' title='bbox 392 2579 460 2637; x_wconf 70' lang='lat' dir='ltr'><strong>“ex</strong></span> <span class='ocrx_word' id='word_1_145' title='bbox 481 2582 518 2637; x_wconf 86' lang='lat' dir='ltr'><strong>L.</strong></span> <span class='ocrx_word' id='word_1_146' title='bbox 532 2580 649 2637; x_wconf 85' lang='lat' dir='ltr'><strong>Metelli</strong></span> <span class='ocrx_word' id='word_1_147' title='bbox 672 2579 817 2637; x_wconf 75' lang='lat' dir='ltr'><strong>manubiis</strong></span> <span class='ocrx_word' id='word_1_148' title='bbox 836 2576 959 2637; x_wconf 79' lang='lat' dir='ltr'><strong>feeerit?</strong></span> <span class='ocrx_word' id='word_1_149' title='bbox 978 2579 1027 2653; x_wconf 87' lang='lat' dir='ltr'><strong>qui</strong></span> <span class='ocrx_word' id='word_1_150' title='bbox 1040 2578 1151 2652; x_wconf 68' lang='lat' dir='ltr'><strong>maiore</strong></span> 
     </span>
     <span class='ocr_line' id='line_1_22' title="bbox 276 2676 1150 2752; baseline 0 -18"><span class='ocrx_word' id='word_1_151' title='bbox 276 2677 403 2751; x_wconf 87' lang='lat' dir='ltr'><strong>peounia</strong></span> <span class='ocrx_word' id='word_1_152' title='bbox 432 2681 553 2749; x_wconf 85' lang='lat' dir='ltr'><strong>quatuor</strong></span> <span class='ocrx_word' id='word_1_153' title='bbox 583 2680 736 2736; x_wconf 83' lang='lat' dir='ltr'><strong>columnas</strong></span> <span class='ocrx_word' id='word_1_154' title='bbox 766 2678 953 2745; x_wconf 75' lang='lat' dir='ltr'><strong>dealbandas,</strong></span> <span class='ocrx_word' id='word_1_155' title='bbox 979 2694 1068 2752; x_wconf 80' lang='lat' dir='ltr'><strong>quem</strong></span> <span class='ocrx_word' id='word_1_156' title='bbox 1101 2676 1150 2734; x_wconf 86' lang='lat' dir='ltr'><strong>ille</strong></span> 
     </span>
     <span class='ocr_line' id='line_1_23' title="bbox 278 2772 1150 2850; baseline -0.002 -16"><span class='ocrx_word' id='word_1_157' title='bbox 278 2793 379 2834; x_wconf 84' lang='lat' dir='ltr'><strong>omnes</strong></span> <span class='ocrx_word' id='word_1_158' title='bbox 393 2775 588 2833; x_wconf 83' lang='lat' dir='ltr'><strong>aedificandae</strong></span> <span class='ocrx_word' id='word_1_159' title='bbox 603 2773 766 2836; x_wconf 80' lang='lat' dir='ltr'><strong>locaverit?</strong></span> <span class='ocrx_word' id='word_1_160' title='bbox 790 2776 1013 2849; x_wconf 65' lang='lat' dir='ltr'><strong>Exspeetemm</strong></span> <span class='ocrx_word' id='word_1_161' title='bbox 1026 2774 1098 2850; x_wconf 89' lang='lat' dir='ltr'><strong>quid</strong></span> <span class='ocrx_word' id='word_1_162' title='bbox 1109 2772 1150 2831; x_wconf 83' lang='lat' dir='ltr'><strong>di·</strong></span> 
     </span>
     <span class='ocr_line' id='line_1_24' title="bbox 277 2872 1150 2949; baseline -0.007 -14"><span class='ocrx_word' id='word_1_163' title='bbox 277 2881 347 2935; x_wconf 87' lang='lat' dir='ltr'><strong>oent</strong></span> <span class='ocrx_word' id='word_1_164' title='bbox 366 2895 405 2934; x_wconf 78' lang='lat' dir='ltr'><strong>ex</strong></span> <span class='ocrx_word' id='word_1_165' title='bbox 427 2875 531 2934; x_wconf 82' lang='lat' dir='ltr'><strong>Sicilia</strong></span> <span class='ocrx_word' id='word_1_166' title='bbox 544 2872 654 2933; x_wconf 83' lang='lat' dir='ltr'><strong>testea?</strong></span> <span class='ocrx_word' id='word_1_167' title='bbox 688 2874 761 2946; x_wconf 79' lang='lat' dir='ltr'><strong>Quis</strong></span> <span class='ocrx_word' id='word_1_168' title='bbox 774 2891 909 2949; x_wconf 89' lang='lat' dir='ltr'><strong>umquam</strong></span> <span class='ocrx_word' id='word_1_169' title='bbox 923 2875 1065 2947; x_wconf 88' lang='lat' dir='ltr'><strong>templum</strong></span> <span class='ocrx_word' id='word_1_170' title='bbox 1079 2873 1150 2933; x_wconf 89' lang='lat' dir='ltr'><strong>illud</strong></span> 
     </span>
     <span class='ocr_line' id='line_1_25' title="bbox 277 2971 1152 3048; baseline -0.002 -17"><span class='ocrx_word' id='word_1_171' title='bbox 277 2976 420 3047; x_wconf 74' lang='lat' dir='ltr'><strong>adspexit</strong></span> <span class='ocrx_word' id='word_1_172' title='bbox 434 2976 504 3048; x_wconf 89' lang='lat' dir='ltr'><strong>quin</strong></span> <span class='ocrx_word' id='word_1_173' title='bbox 523 2974 665 3031; x_wconf 82' lang='lat' dir='ltr'><strong>avaritiae</strong></span> <span class='ocrx_word' id='word_1_174' title='bbox 686 2978 762 3040; x_wconf 88' lang='lat' dir='ltr'><strong>tuae,</strong></span> <span class='ocrx_word' id='word_1_175' title='bbox 775 2972 845 3047; x_wconf 87' lang='lat' dir='ltr'><strong>quin</strong></span> <span class='ocrx_word' id='word_1_176' title='bbox 866 2971 1001 3045; x_wconf 77' lang='lat' dir='ltr'><strong>injuriae,</strong></span> <span class='ocrx_word' id='word_1_177' title='bbox 1013 2972 1087 3046; x_wconf 87' lang='lat' dir='ltr'><strong>quin</strong></span> <span class='ocrx_word' id='word_1_178' title='bbox 1103 2988 1152 3029; x_wconf 81' lang='lat' dir='ltr'><strong>au-</strong></span> 
     </span>
     <span class='ocr_line' id='line_1_26' title="bbox 274 3052 1149 3146; baseline 0.002 -19"><span class='ocrx_word' id='word_1_179' title='bbox 274 3072 378 3127; x_wconf 78' lang='lat' dir='ltr'><strong>daciae</strong></span> <span class='ocrx_word' id='word_1_180' title='bbox 392 3052 473 3128; x_wconf 77' lang='lat' dir='ltr'><strong>teatie</strong></span> <span class='ocrx_word' id='word_1_181' title='bbox 487 3070 586 3130; x_wconf 85' lang='lat' dir='ltr'><strong>esset?</strong></span> <span class='ocrx_word' id='word_1_182' title='bbox 606 3071 680 3143; x_wconf 75' lang='lat' dir='ltr'><strong>Quia</strong></span> <span class='ocrx_word' id='word_1_183' title='bbox 695 3088 714 3128; x_wconf 91' lang='lat' dir='ltr'><strong>a</strong></span> <span class='ocrx_word' id='word_1_184' title='bbox 726 3070 811 3146; x_wconf 78' lang='lat' dir='ltr'><strong>signo</strong></span> <span class='ocrx_word' id='word_1_185' title='bbox 819 3070 978 3131; x_wconf 85' lang='lat' dir='ltr'><strong>Vertumni</strong></span> <span class='ocrx_word' id='word_1_186' title='bbox 991 3070 1023 3129; x_wconf 88' lang='lat' dir='ltr'><strong>lu</strong></span> <span class='ocrx_word' id='word_1_187' title='bbox 1038 3071 1149 3131; x_wconf 85' lang='lat' dir='ltr'><strong>eimum</strong></span> 
     </span>
     <span class='ocr_line' id='line_1_27' title="bbox 275 3166 1150 3244; baseline 0.002 -18"><span class='ocrx_word' id='word_1_188' title='bbox 275 3166 436 3226; x_wconf 84' lang='lat' dir='ltr'><strong>maximum</strong></span> <span class='ocrx_word' id='word_1_189' title='bbox 456 3168 548 3234; x_wconf 86' lang='lat' dir='ltr'><strong>venit,</strong></span> <span class='ocrx_word' id='word_1_190' title='bbox 581 3166 680 3240; x_wconf 70' lang='lat' dir='ltr'><strong>“quin</strong></span> <span class='ocrx_word' id='word_1_191' title='bbox 701 3169 727 3226; x_wconf 86' lang='lat' dir='ltr'><strong>ia</strong></span> <span class='ocrx_word' id='word_1_192' title='bbox 748 3169 780 3227; x_wconf 91' lang='lat' dir='ltr'><strong>in</strong></span> <span class='ocrx_word' id='word_1_193' title='bbox 804 3185 976 3244; x_wconf 86' lang='lat' dir='ltr'><strong>unoquoque</strong></span> <span class='ocrx_word' id='word_1_194' title='bbox 1000 3171 1092 3242; x_wconf 83' lang='lat' dir='ltr'><strong>gradu</strong></span> <span class='ocrx_word' id='word_1_195' title='bbox 1113 3169 1150 3227; x_wconf 83' lang='lat' dir='ltr'><strong>de</strong></span> 
     </span>
     <span class='ocr_line' id='line_1_28' title="bbox 273 3263 1150 3343; baseline 0.006 -20"><span class='ocrx_word' id='word_1_196' title='bbox 273 3263 399 3323; x_wconf 86' lang='lat' dir='ltr'><strong>avaritia</strong></span> <span class='ocrx_word' id='word_1_197' title='bbox 413 3268 462 3322; x_wconf 93' lang='lat' dir='ltr'><strong>tua</strong></span> <span class='ocrx_word' id='word_1_198' title='bbox 473 3271 707 3325; x_wconf 74' lang='lat' dir='ltr'><strong>commoneretur</strong></span> <span class='ocrx_word' id='word_1_199' title='bbox 720 3266 733 3325; x_wconf 85' lang='lat' dir='ltr'><strong>l</strong></span> <span class='ocrx_word' id='word_1_200' title='bbox 759 3266 781 3300; x_wconf 82' lang='lat'><strong>⁶⁸</strong></span> <span class='ocrx_word' id='word_1_201' title='bbox 790 3284 878 3343; x_wconf 90' lang='lat' dir='ltr'><strong>quam</strong></span> <span class='ocrx_word' id='word_1_202' title='bbox 893 3272 926 3325; x_wconf 92' lang='lat' dir='ltr'><strong>tu</strong></span> <span class='ocrx_word' id='word_1_203' title='bbox 937 3266 1018 3326; x_wconf 86' lang='lat' dir='ltr'><strong>viam</strong></span> <span class='ocrx_word' id='word_1_204' title='bbox 1033 3268 1150 3328; x_wconf 79' lang='lat' dir='ltr'><strong>thensa-</strong></span> 
     </span>
    </p>
   </div>
   <div class='ocr_carea' id='block_1_3' title="bbox 264 3416 1154 3821">
    <p class='ocr_par' dir='ltr' id='par_1_4' title="bbox 271 3416 1151 3527">
     <span class='ocr_line' id='line_1_29' title="bbox 273 3416 1151 3526; baseline 0.005 -61"><span class='ocrx_word' id='word_1_205' title='bbox 273 3480 280 3490; x_wconf 95' lang='lat'>.</span> <span class='ocrx_word' id='word_1_206' title='bbox 300 3420 324 3453; x_wconf 82' lang='lat'><strong>⁸⁶</strong></span> <span class='ocrx_word' id='word_1_207' title='bbox 338 3418 402 3466; x_wconf 71' lang='lat' dir='ltr'><strong>ead.</strong></span> <span class='ocrx_word' id='word_1_208' title='bbox 414 3418 448 3465; x_wconf 80' lang='lat' dir='ltr'><strong>ll.</strong></span> <span class='ocrx_word' id='word_1_209' title='bbox 459 3416 722 3526; x_wconf 53' lang='grc' dir='ltr'><strong>παππῠωωοηωῒε</strong></span> <span class='ocrx_word' id='word_1_210' title='bbox 730 3420 875 3483; x_wconf 60' lang='lat' dir='ltr'><strong>praeludi.</strong></span> <span class='ocrx_word' id='word_1_211' title='bbox 886 3425 1040 3469; x_wconf 75' lang='lat' dir='ltr'><strong>mmunersto.</strong></span> <span class='ocrx_word' id='word_1_212' title='bbox 1053 3436 1076 3471; x_wconf 83' lang='lat' dir='ltr'><strong>v.</strong></span> <span class='ocrx_word' id='word_1_213' title='bbox 1085 3422 1151 3470; x_wconf 73' lang='lat' dir='ltr'><strong>clav.</strong></span> 
     </span>
     <span class='ocr_line' id='line_1_30' title="bbox 271 3483 639 3527; baseline 0 0"><span class='ocrx_word' id='word_1_214' title='bbox 271 3483 567 3527; x_wconf 76' lang='lat' dir='ltr'><strong>mawoamarlumelrmn</strong></span> <span class='ocrx_word' id='word_1_215' title='bbox 632 3515 639 3527; x_wconf 83' lang='lat'><strong>.</strong></span> 
     </span>
    </p>

    <p class='ocr_par' dir='ltr' id='par_1_5' title="bbox 264 3555 1151 3677">
     <span class='ocr_line' id='line_1_31' title="bbox 300 3555 1151 3619; baseline 0.005 -15"><span class='ocrx_word' id='word_1_216' title='bbox 300 3559 325 3592; x_wconf 77' lang='lat'><strong>⁶⁷</strong></span> <span class='ocrx_word' id='word_1_217' title='bbox 339 3558 395 3619; x_wconf 72' lang='lat' dir='ltr'><strong>perier</strong></span> <span class='ocrx_word' id='word_1_218' title='bbox 403 3556 477 3619; x_wconf 73' lang='lat' dir='ltr'><strong>irim]</strong></span> <span class='ocrx_word' id='word_1_219' title='bbox 497 3555 522 3602; x_wconf 82' lang='lat' dir='ltr'><strong>Is</strong></span> <span class='ocrx_word' id='word_1_220' title='bbox 530 3560 620 3619; x_wconf 85' lang='lat' dir='ltr'><strong>poterat</strong></span> <span class='ocrx_word' id='word_1_221' title='bbox 629 3557 718 3606; x_wconf 85' lang='lat' dir='ltr'><strong>abesse:</strong></span> <span class='ocrx_word' id='word_1_222' title='bbox 734 3574 786 3606; x_wconf 86' lang='lat' dir='ltr'><strong>uam</strong></span> <span class='ocrx_word' id='word_1_223' title='bbox 796 3572 837 3605; x_wconf 78' lang='lat' dir='ltr'><strong>uec</strong></span> <span class='ocrx_word' id='word_1_224' title='bbox 846 3561 901 3605; x_wconf 75' lang='lat' dir='ltr'><strong>arse</strong></span> <span class='ocrx_word' id='word_1_225' title='bbox 913 3561 955 3605; x_wconf 76' lang='lat' dir='ltr'><strong>ess</strong></span> <span class='ocrx_word' id='word_1_226' title='bbox 979 3556 1151 3608; x_wconf 79' lang='lat' dir='ltr'><strong>Videtmsddi·</strong></span> 
     </span>
     <span class='ocr_line' id='line_1_32' title="bbox 264 3616 679 3677; baseline 0.01 -16"><span class='ocrx_word' id='word_1_227' title='bbox 264 3616 337 3675; x_wconf 63' lang='lat' dir='ltr'><strong>‚disse</strong></span> <span class='ocrx_word' id='word_1_228' title='bbox 348 3632 375 3663; x_wconf 88' lang='lat' dir='ltr'><strong>ne</strong></span> <span class='ocrx_word' id='word_1_229' title='bbox 383 3616 440 3677; x_wconf 72' lang='lat' dir='ltr'><strong>qaia</strong></span> <span class='ocrx_word' id='word_1_230' title='bbox 449 3620 473 3663; x_wconf 89' lang='lat' dir='ltr'><strong>et</strong></span> <span class='ocrx_word' id='word_1_231' title='bbox 481 3616 508 3662; x_wconf 76' lang='lat' dir='ltr'><strong>ire</strong></span> <span class='ocrx_word' id='word_1_232' title='bbox 517 3622 679 3665; x_wconf 84' lang='lat' dir='ltr'><strong>eoumrrerent.</strong></span> 
     </span>
    </p>

    <p class='ocr_par' dir='ltr' id='par_1_6' title="bbox 269 3695 1154 3821">
     <span class='ocr_line' id='line_1_33' title="bbox 301 3695 1154 3758; baseline 0.004 -17"><span class='ocrx_word' id='word_1_233' title='bbox 301 3697 322 3729; x_wconf 78' lang='lat'><strong>⁸³</strong></span> <span class='ocrx_word' id='word_1_234' title='bbox 336 3695 507 3757; x_wconf 69' lang='lat' dir='ltr'><strong>pemtaviam</strong></span> <span class='ocrx_word' id='word_1_235' title='bbox 521 3720 531 3729; x_wconf 94' lang='lat'>-</span> <span class='ocrx_word' id='word_1_236' title='bbox 545 3720 554 3728; x_wconf 97' lang='lat'>-</span> <span class='ocrx_word' id='word_1_237' title='bbox 568 3696 703 3758; x_wconf 65' lang='lat' dir='ltr'><strong>nimirem]</strong></span> <span class='ocrx_word' id='word_1_238' title='bbox 734 3697 837 3745; x_wconf 75' lang='lat' dir='ltr'><strong>Alterum</strong></span> <span class='ocrx_word' id='word_1_239' title='bbox 855 3699 945 3745; x_wconf 75' lang='lat' dir='ltr'><strong>seme</strong></span> <span class='ocrx_word' id='word_1_240' title='bbox 964 3696 1154 3757; x_wconf 58' lang='grc' dir='ltr'><strong>ἰμωᾱὶωὼ</strong></span> 
     </span>
     <span class='ocr_line' id='line_1_34' title="bbox 269 3754 865 3821; baseline 0.008 -22"><span class='ocrx_word' id='word_1_241' title='bbox 269 3754 345 3803; x_wconf 80' lang='lat' dir='ltr'><strong>fuerit.</strong></span> <span class='ocrx_word' id='word_1_242' title='bbox 360 3756 389 3803; x_wconf 84' lang='lat' dir='ltr'><strong>de</strong></span> <span class='ocrx_word' id='word_1_243' title='bbox 398 3756 437 3805; x_wconf 83' lang='lat' dir='ltr'><strong>via</strong></span> <span class='ocrx_word' id='word_1_244' title='bbox 445 3756 574 3805; x_wconf 74' lang='lat' dir='ltr'><strong>thermum</strong></span> <span class='ocrx_word' id='word_1_245' title='bbox 583 3757 639 3819; x_wconf 82' lang='lat' dir='ltr'><strong>etp.</strong></span> <span class='ocrx_word' id='word_1_246' title='bbox 648 3770 669 3805; x_wconf 86' lang='lat' dir='ltr'><strong>v.</strong></span> <span class='ocrx_word' id='word_1_247' title='bbox 680 3755 796 3821; x_wconf 77' lang='lat' dir='ltr'><strong>prnl&#39;out</strong></span> <span class='ocrx_word' id='word_1_248' title='bbox 810 3769 829 3803; x_wconf 75' lang='lat' dir='ltr'><strong>e</strong></span> <span class='ocrx_word' id='word_1_249' title='bbox 840 3756 865 3807; x_wconf 71' lang='lat' dir='ltr'><strong>d.</strong></span> 
     </span>
    </p>
   </div>
   <div class='ocr_carea' id='block_1_4' title="bbox 0 0 1354 4675">
    <p class='ocr_par' dir='ltr' id='par_1_7' title="bbox 0 0 1354 4675">
     <span class='ocr_line' id='line_1_35' title="bbox 0 0 1354 4675; baseline 0 4"><span class='ocrx_word' id='word_1_250' title='bbox 0 0 1354 4675; x_wconf 95' lang='lat' dir='ltr'><strong> </strong></span> 
     </span>
    </p>
   </div>
  </div>
 </body>
</html>
