2700 4675
390 543 431 602 30
764 528 890 581 oua'rlo

386 699 488 742 emate
500 685 598 738 eutem
609 697 660 738 eoa
679 678 764 752 ipson,
775 695 794 735 a
808 676 912 752 quibu·
929 679 1114 740 mercedem
1127 679 1248 754 tceep'nli

388 781 466 854 Quid
489 777 559 838 aia?
586 781 674 854 vulgo
696 777 916 834 occidebantur.
959 774 983 808 ¹
999 778 1067 837 Per
1088 778 1186 856 quoni
1202 784 1248 836 etr

385 881 487 955 quibus
501 876 513 936 i
531 877 551 910 ⁵¹
563 879 632 934 Non
646 876 766 950 comme,
780 881 810 932 te
822 890 840 930 a
854 874 1029 934 uectoubue
1044 879 1107 938 huc
1123 880 1248 938 ndducln!

384 974 472 1036 eece?
497 975 519 1008 Β
532 975 610 1047 Quid
632 970 757 1047 postea?
778 971 944 1040 Nescimus,
965 991 1028 1046 per
1051 976 1114 1036 iata
1140 982 1248 1051 ennon

385 1075 503 1138 eoedun
525 1072 584 1129 iere
597 1077 725 1129 uectores
738 1070 825 1127 fnium
838 1070 996 1140 collorum,
1013 1077 1048 1132 et
1063 1071 1220 1134 bonorum!
1233 1071 1248 1130 l

383 1171 518 1244 «lenique,
531 1169 580 1245 qui
594 1175 654 1228 tum
668 1168 771 1226 ermeli
783 1167 846 1224 dieu
860 1172 1031 1242 noctesque
1046 1175 1248 1238 concuicabunt

384 1269 434 1347 qui
448 1270 558 1327 Romae
571 1272 654 1325 erant
668 1267 785 1332 assidui,
801 1265 850 1339 qui
863 1265 1108 1342 omnitempore
1123 1272 1157 1331 ln
1170 1271 1248 1346 prad

385 1375 415 1427 et
428 1367 567 1444 sanguine
583 1369 778 1432 versabantur,
801 1364 871 1420 Sex.
894 1363 1014 1422 Roocio
1039 1368 1248 1443 tempomillia

385 1467 572 1526 acerbitatem
586 1465 823 1539 iniquitatemque
836 1460 980 1533 objicient
995 1482 1004 1518 ε
1028 1469 1063 1523 et
1076 1466 1165 1526 illam
1177 1463 1248 1526 niceri

384 1580 465 1621 orum
485 1564 708 1629 multitudinem,
728 1561 759 1617 in
781 1576 836 1634 qua
857 1557 914 1632 ipsi
937 1560 1036 1619 duces
1062 1581 1101 1622 ac
1126 1566 1248 1640 principe

384 1666 476 1726 erant,
489 1660 557 1716 huic
578 1657 694 1716 crimini
709 1661 847 1730 putabunt
859 1654 944 1715 iore?
964 1660 1020 1732 qui
1032 1679 1098 1720 non
1114 1664 1248 1722 modone

384 1776 448 1816 mee
463 1776 521 1815 non
543 1757 604 1825 luit,
618 1757 669 1812 sed
690 1756 820 1823 omnino,
833 1755 900 1829 quid
915 1755 1035 1816 Romae
1050 1765 1201 1835 ageretur,
1218 1777 1248 1820 ne

383 1859 481 1926 eoiret,
494 1862 644 1932 propterea
665 1857 741 1928 quod
765 1854 823 1911 ruri
850 1854 991 1922 assiduus,
1017 1862 1248 1932 quemadmodnu

384 1964 444 2018 tute
457 1956 612 2024 confiteris,
627 1954 690 2011 luit.
733 1954 853 2020 Vereor,
867 1969 904 2009 ne
919 1958 970 2010 aut
984 1958 1139 2018 molentun
1154 1961 1208 2018 eim
1217 1975 1248 2016 vo

383 2057 570 2128 bis,jurlicee,
592 2059 641 2111 aut
653 2070 690 2109 ne
703 2052 829 2125 ingeniis
846 2051 950 2108 vestria
959 2051 1071 2112 videar
1085 2057 1248 2125 diffidere·

384 2155 422 2208 de
433 2159 492 2208 tam
502 2152 660 2223 perspicuis
674 2152 758 2208 rebus
777 2152 883 2208 diutius
896 2150 1051 2212 disseram.
1096 2158 1203 2218 Erucii
1214 2156 1248 2217 ω’

382 2247 504 2304 minatio
528 2250 599 2312 tota,
612 2252 644 2303 ut
664 2247 794 2316 arbitror,
808 2251 946 2306 dissoluta
960 2254 1006 2306 eet
1020 2272 1027 2307 :
1051 2253 1115 2312 nisi
1130 2258 1205 2315 sorte
1216 2272 1248 2314 en

381 2344 528 2422 spectatis,
540 2348 571 2402 ut
584 2344 635 2402 illa
649 2345 766 2414 diluam,
780 2366 852 2421 quae
865 2349 902 2404 de
915 2350 1067 2421 peculatu,
1082 2370 1124 2413 ac
1140 2358 1179 2415 de
1193 2356 1248 2431 eju

380 2445 459 2506 modi
469 2446 553 2503 rebus
564 2444 785 2513 commenticiis,
796 2445 926 2503 inaudita
937 2445 1023 2503 nobie
1035 2456 1112 2508 ante
1125 2456 1185 2513 hoc
1196 2460 1248 2513 iem

381 2564 433 2620 pue
446 2562 481 2601 uc
493 2563 580 2612 nova,
595 2544 718 2617 objecit:
740 2561 812 2619 quae
826 2543 897 2600 mihi
911 2544 966 2600 iste
981 2545 1066 2605 visus
1080 2557 1132 2609 eat
1154 2572 1194 2611 ex
1206 2550 1248 2611 alil

380 2642 510 2698 oratioue
521 2644 694 2710 declamare,
708 2660 792 2717 quum
805 2643 836 2699 in
851 2642 939 2699 alium
947 2660 1030 2699 reum
1044 2658 1248 2709 commentare

381 2743 442 2794 tur:
464 2737 504 2793 ila
519 2757 611 2814 neque
626 2743 662 2798 ad
676 2741 787 2798 crimen
797 2740 952 2814 parricidii,
967 2748 1115 2815 nequead
1127 2744 1248 2823 eumeni

379 2854 495 2895 caueam
506 2839 586 2907 dicit,
601 2842 792 2914 pertinebant.
833 2842 881 2897 De
895 2839 996 2913 quihus
1007 2846 1156 2915 quoniam
1172 2836 1248 2905 verbe

379 2938 480 3011 arguit,
500 2942 590 2996 verbo
612 2941 683 2997 satie
701 2945 745 2997 eet
767 2956 880 3012 negare.
923 2937 1040 3011 Siquid
1055 2948 1114 3011 eet,
1129 2948 1207 3020 quod
1218 2942 1248 3003 ad

378 3039 466 3091 testes
481 3040 623 3092 reservet:
645 3037 687 3091 ibi
701 3054 753 3093 noe
766 3055 886 3111 quoque,
896 3040 928 3093 ut
941 3035 973 3092 in
986 3035 1051 3108 ipsa
1063 3057 1170 3113 caula,
1178 3058 1248 3119 pm·

325 3124 367 3181 30
380 3130 466 3186 tiores
480 3131 611 3203 reperiet,
621 3148 705 3203 quam
716 3137 843 3205 putabat.
875 3134 975 3190 Venio
986 3151 1066 3194 nuuc
1081 3157 1132 3208 eo,
1143 3156 1248 3217 quoma

407 3281 429 3314 ⁵⁹
443 3282 489 3328 Per
498 3297 549 3342 puae
593 3297 607 3327 u
616 3283 705 3352 quitum]
720 3284 760 3331 int.
771 3299 812 3346 per
826 3286 931 3333 nonnos-
939 3285 986 3332 -ab
998 3284 1032 3343 iia,
1044 3289 1084 3349 qui
1094 3290 1190 3341 nicarioe
1198 3306 1248 3341 me*

379 3341 433 3386 cede
441 3344 558 3387 conductos
568 3347 695 3390 immittunt.

406 3420 426 3452 ⁶¹
442 3419 616 3476 Nonnecogitua,
627 3423 680 3482 etc]
706 3422 850 3469 Scribendum
867 3428 901 3470 eet
916 3422 963 3469 ciue
979 3423 1063 3471 dubio:
1088 3426 1148 3477 Non
1167 3430 1248 3491 cogita.

377 3478 471 3538 Nempe,
482 3479 693 3538 quomodotuistud
710 3481 856 3541 dicerepotes
874 3480 1011 3527 sinetimore
1030 3484 1137 3545 periodi,
1158 3505 1201 3535 nee
1213 3485 1248 3534 tili

376 3538 437 3583 venit
447 3537 468 3582 in
477 3540 581 3590 mentem,
591 3540 616 3583 te
624 3553 639 3582 a
649 3540 769 3586 sectoribus
778 3545 928 3586 accusatorem
943 3540 1055 3587 delectum
1066 3557 1116 3591 erae
1128 3548 1160 3593 ad
1172 3545 1248 3605 hoen

375 3594 478 3642 elicium?
495 3593 552 3640 Vult
567 3608 619 3652 ergo
635 3596 737 3644 timorem
747 3598 843 3658 injicere.
874 3599 955 3644 Nonne
965 3600 1064 3656 cogitua?
1078 3608 1149 3665 esset,
1161 3611 1189 3655 ru
1202 3616 1248 3653 m

375 3654 454 3709 cogitur
464 3674 470 3697 .·
485 3653 545 3713 quorl
553 3655 587 3698 eat
596 3652 625 3698 ab
634 3654 656 3699 h.
665 3654 681 3699 l.
693 3656 795 3703 alienum.

403 3730 426 3762 δ’
440 3730 504 3780 Quin
518 3730 615 3789 pertrui]
646 3731 688 3778 list
707 3734 790 3787 Emcii,
810 3734 917 3781 mirantia.
943 3749 1046 3796 quorsum
1075 3739 1137 3788 illud
1162 3742 1248 3791 dimit.

374 3785 484 3837 Quorsum
494 3787 550 3833 illud
559 3788 571 3834 Ξ)
586 3788 699 3857 quidinde
709 3790 741 3838 viu
751 3792 853 3851 intelllgi.
880 3794 984 3854 Sequitur
993 3798 1119 3859 responsio,
1129 3804 1248 3859 nenda,

374 3846 416 3891 ete.
446 3844 603 3895 Nouaacecutr
612 3847 937 3910 mutinterpretaaGreeviaui.
1098 3870 1107 3879 ··
