2700 4675
296 529 357 589 150
592 520 669 573 nro
686 516 868 569 crncrnroru

294 670 407 745 agendo
420 673 473 727 est.
487 668 694 745 perficiendum
707 672 760 735 est,
773 667 799 725 si
812 659 881 741 quid
893 661 914 696 ¹
928 679 1017 737 egero
1039 667 1092 720 nut
1104 675 1179 737 peri·

294 770 381 827 ficere
396 768 451 837 vis,
471 775 502 827 ut
516 769 648 827 homines
662 772 692 825 te
712 782 771 823 non
791 766 884 821 solum
908 760 1040 829 audient,
1065 779 1165 818 verum

294 867 384 925 etium
397 870 522 926 libenter
534 866 717 942 studioseque
730 863 856 923 andiunt.
894 862 931 919 In
944 877 1003 935 quo
1017 861 1045 917 si
1056 865 1087 917 te
1097 861 1165 917 mut·

294 969 355 1023 tum
369 970 468 1023 natura
481 965 645 1039 adjuvarem
662 963 688 1020 si
701 961 817 1037 optimis
831 978 849 1017 a
861 958 985 1035 pueritie
1001 949 1164 1032 disciplinis

292 1067 378 1135 atque
396 1061 502 1118 artibus
516 1061 683 1128 studuisses,
696 1065 727 1118 et
745 1061 776 1117 in
790 1059 836 1116 his
858 1060 1057 1127 elsbomsses3
1082 1056 1108 1112 si
1119 1055 1163 1111 tit-

293 1164 369 1217 terss
382 1158 510 1215 Graecus
526 1157 663 1226 Athenis,
675 1174 734 1214 non
745 1156 893 1230 Lilybaei,
906 1155 1031 1213 Latinus
1046 1152 1172 1220 Romus

293 1274 353 1315 non
367 1256 399 1314 in
412 1256 525 1325 Sicilia,
539 1256 710 1314 didicisses:
730 1261 829 1313 tomen
848 1260 925 1313 esset
944 1270 1095 1328 maguum,
1107 1257 1164 1308 tsn·

291 1361 353 1414 tam
368 1373 495 1424 causum,
510 1361 570 1414 tom
589 1360 799 1429 exspectatum,
809 1358 839 1409 et
849 1351 1005 1426 diligentie
1017 1339 1170 1425 consequi,¹

292 1460 323 1512 et
332 1456 469 1512 memoris
480 1453 645 1529 complecti,
656 1459 687 1511 et
700 1453 829 1511 oratioue
840 1468 997 1525 exponere,
1008 1454 1041 1507 et
1051 1466 1125 1507 voce
1135 1451 1163 1503 et

293 1552 403 1612 viribus
418 1552 569 1609 sustinere.
610 1552 746 1609 Fortasse
768 1551 858 1617 dices,
874 1545 980 1620 Quid?
1000 1565 1071 1623 ergo
1093 1549 1163 1604 hoec

272 1711 279 1736 ἱ
293 1649 365 1706 inte
380 1653 446 1705 sunt
456 1646 574 1707 omnia?
588 1648 699 1705 utinam
706 1647 823 1720 quidem
832 1650 948 1704 essent!
964 1652 1161 1703 verumtamen

293 1751 326 1803 ut
339 1763 402 1802 esse
413 1751 539 1819 possent,
564 1762 669 1821 msgno
689 1746 784 1801 studio
798 1745 899 1803 mihis
911 1744 1037 1818 pueritie
1051 1750 1096 1801 est
1108 1746 1163 1802 eis·
1232 1769 1234 1774 ·

293 1846 433 1902 borstum.
475 1845 587 1917 Quodsi
610 1861 665 1918 ego
692 1844 775 1911 haec,
796 1849 912 1917 propter
934 1842 1162 1917 magnitudinem

293 1961 388 2003 rerum
401 1960 436 2001 ac
447 1943 653 2011 difficultatem,
667 1942 781 2018 assequi
794 1959 853 1999 non
873 1942 964 2014 potui,
978 1939 1070 2016 quiin
1083 1938 1161 1998 omni

199 2099 226 2148 ι
295 2043 357 2099 vita
371 2042 445 2100 nihil
464 2043 543 2100 uliud
561 2042 626 2116 egi:
647 2059 732 2117 quam
755 2043 843 2115 louge
864 2044 895 2096 tu
915 2043 945 2095 te
969 2040 1007 2096 ob
1021 2038 1069 2096 bis
1082 2040 1161 2095 rebm

222 2131 257 2198 0
294 2141 395 2195 abesse
409 2140 556 2207 arbitrere,
569 2156 638 2213 quos
661 2158 720 2197 non
743 2141 829 2196 modo
849 2141 935 2195 entes
948 2151 1161 2212 numquamco·

294 2234 402 2309 gitasti,
422 2236 474 2290 sed
497 2254 534 2292 ne
556 2253 634 2292 nuno
657 2236 782 2310 quidem,
807 2236 919 2294 cumin
932 2253 983 2291 eas
996 2231 1162 2310 ingrederis,
1227 2299 1230 2308 ,

246 2353 286 2413 13
296 2352 368 2411 quoe
382 2339 412 2390 et
425 2339 549 2410 quantae
563 2333 629 2402 sint,
644 2335 785 2408 suspicari
795 2331 898 2408 potes?
929 2333 1005 2408 Ego,
1019 2333 1168 2410 quisicut·

295 2452 396 2492 omnes
406 2433 512 2503 sciunt,
526 2434 556 2492 iu
568 2433 811 2508 forojudiciisque
821 2434 863 2491 ite
871 2449 979 2500 verser,
990 2436 1024 2488 ut
1037 2432 1160 2506 ejusdem

295 2533 399 2590 aetatis
414 2538 463 2590 aut
476 2551 562 2591 nemo
575 2538 624 2590 aut
637 2533 723 2606 pauci
737 2533 831 2605 plures
846 2548 947 2588 causas
959 2526 1160 2596 defenderint,

297 2630 386 2702 etqui
399 2648 484 2686 omne
499 2636 619 2704 tempus,
634 2633 710 2706 quod
731 2629 803 2688 mihi
817 2631 854 2687 sb
868 2628 1028 2687 amicorum
1042 2627 1162 2703 negotiis

295 2729 386 2794 datur,
398 2727 428 2783 in
443 2727 488 2784 bis
498 2729 599 2785 studiis
611 2729 809 2803 laboribusque
823 2743 1001 2794 consumam,
1015 2745 1075 2802 quo
1088 2741 1162 2801 pom·

295 2825 352 2883 tior
364 2827 402 2883 ad
422 2844 503 2884 usum
522 2827 675 2894 forensem,
689 2825 880 2900 promtiorque
894 2843 958 2881 esse
972 2825 1084 2897 possim
1097 2828 1165 2881 :ue

296 2942 372 2993 men,
383 2925 425 2983 ita
435 2927 503 2983 deos
513 2927 583 2983 mihi
594 2925 685 2982 veHm
694 2923 841 2998 propitios,
851 2929 891 2991 ut,
900 2921 1088 2980 oum²⁹iibus
1096 2927 1162 2980 tem·

296 3022 372 3092 poris
387 3023 459 3078 mihi
472 3024 555 3079 venit
569 3024 600 3080 in
614 3029 751 3090 mentem,
766 3039 821 3097 quo
841 3021 898 3089 die,
912 3021 1005 3078 citato
1020 3038 1082 3090 reo,
1095 3017 1161 3079 mihi

297 3116 451 3174 dicendum
461 3119 574 3185 sitnon
588 3121 679 3176 solum
694 3136 880 3178 commoveor
889 3117 998 3186 animo,
1007 3121 1064 3176 'sed
1077 3118 1161 3176 etim

298 3217 359 3271 toto
370 3231 488 3286 corpore
497 3217 692 3289 perhorresco.
734 3220 752 3275 J
755 3235 801 3275 am
815 3233 892 3275 nuno
902 3221 1002 3273 mente
1010 3221 1044 3273 et
1058 3219 1159 3293 cogite·

326 3350 421 3424 ²1ogere
430 3372 469 3414 uss!
479 3369 601 3430 perficere]
626 3372 662 3418 Sic
678 3372 730 3417 edd.
745 3386 779 3432 pr.
797 3342 960 3427 nonproficere,
977 3373 1005 3417 ut
1021 3370 1160 3417 recentiores.
1236 3412 1237 3417 ,

296 3429 363 3549 m}
372 3427 545 3542 iffiezfflcm
554 3429 586 3475 nil
596 3429 671 3476 differt
681 3429 710 3475 ab
719 3444 800 3487 ogere:
817 3429 841 3475 in
854 3427 960 3486 perficere
978 3431 1058 3476 autem
1066 3430 1116 3491 plus
1124 3431 1162 3483 eti,

325 3566 349 3598 ²²
363 3563 427 3610 iliius
436 3562 483 3631 dici
491 3589 500 3597 -
509 3589 519 3597 -
527 3579 568 3632 quo
578 3565 632 3626 die]
656 3566 715 3612 Edd.
723 3580 758 3626 pr.
770 3564 854 3610 babent
863 3564 973 3621 semem,
985 3570 1012 3612 ut
1021 3566 1072 3614 Me.
1081 3565 1124 3614 Gn.
1139 3563 1165 3627 1³..

295 3623 413 3670 Manutius
432 3621 495 3668 dsdrt
512 3622 557 3667 drer'
571 3637 598 3668 ex
615 3624 718 3670 Asconio.
750 3623 887 3669 Etestsane
907 3624 949 3668 boc
958 3624 1031 3671 valde
1040 3622 1162 3672 Ciceroni·-
1236 3632 1237 3637 ’

294 3696 363 3742 num;
379 3682 417 3727 sed
427 3686 501 3728 tamen
510 3680 578 3726 libros
594 3682 668 3740 plures
683 3685 769 3726 secutus
779 3695 826 3726 sum
844 3695 892 3726 cum
904 3681 1011 3729 (ir-aerio.
1045 3679 1161 3730 descientia

293 3739 457 3802 formaremus,
467 3740 531 3788 iuius
541 3740 641 3797 tcumon'r
649 3766 660 3777 -
669 3763 679 3773 -
686 3753 726 3800 quc
735 3739 778 3798 die,
789 3739 877 3786 videtur
886 3740 1049 3790 correctionem
1059 3741 1163 3802 gw-
