2700 4675
250 549 314 608 m
593 541 629 590 iii
643 538 788 592 VERREM

250 689 446 762 eteiuslilins.
487 690 591 757 Adest,
600 685 977 762 instaturgetDolabelle,
988 688 1127 758 utquam

249 791 373 863 primum
385 790 481 850 securi
501 790 647 858 leniantur,
660 806 717 864 quo
738 803 824 861 quem
846 783 972 842 minime
988 782 1075 840 multi
1088 797 1123 838 ex

248 889 308 946 illis
323 891 361 946 de
380 887 463 954 istius
484 889 596 946 nesano
616 889 728 946 scelere
749 884 848 944 audire
871 887 1007 957 possent.
1050 881 1122 940 Con·

243 988 374 1044 stltnitur
386 988 417 1044 in
430 987 492 1044 l'oro
511 988 678 1044 Laodiceae
701 985 900 1058 spectaculum
922 983 1072 1048 acerbum,
1092 981 1121 1034 et

245 1085 389 1150 miserum,
400 1090 431 1140 et
440 1101 530 1157 grave
541 1084 595 1142 loti
607 1084 699 1141 Asiae
710 1082 898 1157 provinciaer
921 1080 1042 1154 grandis
1051 1083 1118 1136 natu

245 1199 348 1253 parem
361 1183 501 1240 adductus
511 1184 549 1239 ad
562 1181 752 1254 supplicium
773 1199 812 1238 ex
826 1182 920 1238 altera
932 1184 1018 1253 parte
1029 1179 1113 1238 filius:

243 1278 744 1355 ille‚quodpudicitiamliberomm;
765 1274 1113 1353 hicquodvitampsa'u

243 1379 408 1454 famamque
428 1380 533 1437 sororis
556 1379 733 1436 defenderat.
775 1379 884 1436 Flebat
906 1381 1037 1452 uterque,
1056 1390 1112 1436 non

243 1478 282 1534 de
295 1495 348 1534 suo
361 1478 513 1550 supplicio,
526 1480 578 1536 sed
598 1483 680 1551 pater
702 1479 739 1534 de
762 1477 816 1534 lilii
838 1481 944 1546 morte,
957 1477 995 1532 de
1016 1473 1110 1547 patris.

241 1573 327 1630 filios.
370 1576 447 1646 Quid
458 1579 651 1648 lacrymarum
661 1577 755 1649 ipsum
766 1577 917 1632 Neronem
931 1573 1035 1648 putatis
1049 1587 1109 1644 pro·

239 1669 368 1728 amase?
387 1690 473 1744 quem
486 1674 585 1730 fletum
599 1673 687 1731 tatius
703 1675 795 1732 Asiae
816 1670 927 1731 luisse?
947 1689 1033 1747 quem
1053 1672 1107 1730 luc

239 1773 302 1826 turn
309 1773 341 1826 et
347 1769 487 1842 gemitum
500 1772 766 1843 Lampsacenorum
777 1770 788 1831 '2
808 1772 905 1830 secun
918 1789 985 1830 esse
1000 1785 1106 1844 percus·

238 1883 286 1924 scs
297 1867 429 1925 homines
442 1868 623 1937 innocentes,
634 1870 757 1939 nobiles,
767 1871 862 1930 socios
875 1870 977 1946 populi
985 1865 1104 1929 Romani

239 1972 326 2041 atque
346 1968 467 2035 unicos,
488 1975 603 2043 propter
624 1970 750 2029 bominis
773 1971 994 2046 flagitiosissimi
1014 1971 1103 2044 siugu-

237 2066 329 2122 larem
341 2067 502 2140 nequitiam
521 2073 607 2142 atque
631 2069 874 2142 improbissimam
894 2063 1102 2144 cupiditatem!

236 2162 305 2218 Jam
317 2162 391 2233 jam,
407 2164 570 2232 Dolabella,
589 2165 610 2198 ⁶⁶
621 2186 715 2242 neque
729 2169 780 2236 lui,
794 2186 889 2243 neque
904 2174 1018 2228 tuorum
1036 2169 1100 2226 libe·

235 2257 308 2326 rdrn,
320 2277 391 2333 quoa
415 2266 446 2316 tu
467 2262 584 2320 miseros
597 2264 630 2322 in
650 2273 779 2341 egestate
792 2273 879 2343 atque
893 2268 925 2325 iu
947 2267 1096 2326 solitudine

234 2360 385 2436 reliquisti,
402 2361 532 2420 misereri
551 2368 657 2436 potest.
698 2368 844 2425 Verresne
865 2368 920 2425 tibi
943 2369 1020 2427 tanti
1038 2366 1096 2433 suit

233 2462 339 2534 atejus
353 2460 506 2519 libidinem
518 2463 668 2521 bominum
688 2465 889 2525 innocentium
902 2467 1045 2541 sangiune
1057 2462 1095 2523 lui

233 2558 348 2617 velles?
369 2561 522 2619 ldcircone
543 2563 703 2619 exercitum
723 2568 808 2638 atque
828 2566 944 2623 hostem
962 2567 1097 2641 relinque·

231 2655 292 2722 bas,
301 2662 332 2711 ut
344 2661 393 2711 tua
406 2659 437 2713 vi
447 2666 477 2715 et
487 2661 657 2717 crudelitate
667 2661 749 2719 istius
762 2663 886 2721 bominis
897 2660 1096 2739 improbissimi

230 2752 359 2824 pericula
372 2756 560 2816 sublevares?
581 2760 667 2830 Quod
686 2762 765 2818 enim
784 2779 849 2819 eum
864 2762 920 2819 tibi
941 2762 1097 2839 quaestoris

229 2849 261 2907 in
277 2854 372 2909 locum
385 2856 584 2923 constitueras,
595 2855 705 2915 idcirco
716 2859 770 2916 tibi
780 2861 907 2919 amicum
920 2861 956 2921 in
972 2866 1093 2937 perpetu·

228 2967 277 3005 um
297 2952 357 3008 lore
378 2952 506 3026 putasti?
536 2955 708 3021 Nesciebas,
730 2960 767 3015 ab
788 2975 824 3014 eo
848 2959 906 3015 Cn.
931 2962 1093 3019 Carbonem

227 3051 385 3116 consulem,
411 3052 493 3122 cnjus
519 3070 551 3108 re
577 3072 648 3111 vera
674 3061 807 3128 quaestor
832 3055 897 3125 init,
922 3078 985 3119 non
1011 3060 1091 3117 modo

225 3141 367 3211 relictum,
381 3148 432 3201 sed
446 3147 534 3204 etiam
552 3153 707 3223 spoliatum
725 3155 852 3222 auxiliis,
866 3159 1005 3228 pecunia,
1020 3157 1090 3214 neia-

223 3290 704 3419 afisbtt¹⁰al1lllim
715 3307 963 3425 qqqngpgq
975 3310 1094 3419 ‘llil

220 3416 349 3516 saun·
366 3374 568 3523 lesbaici*
586 3400 739 3527 uu‘u
756 3439 797 3483 ‘2⁰
811 3424 833 3471 ⁵¹¹
849 3426 925 3495 *³⁰²⁸-
938 3384 1090 3534 risisti

220 3530 244 3572 ct
260 3543 295 3589 ap.
315 3505 410 3580 (inintil.
426 3533 476 3579 edd.
496 3493 612 3605 quaeiiii,
628 3497 806 3601 aiali'riitiuieffi
819 3488 862 3599 Q
873 3488 969 3606 mm
986 3503 1057 3599 ¹guncd
1070 3550 1090 3591 el

219 3586 382 3636 Quintilianum
393 3590 474 3637 babere
483 3592 558 3640 dicunt
569 3598 609 3651 lx,
622 3602 641 3645 1.
651 3599 674 3644 id
684 3606 718 3645 est
725 3600 840 3657 incertum,
852 3604 1013 3655 adamantius
1023 3604 1090 3653 inille

218 3642 268 3690 loco
277 3646 346 3693 libris.
378 3648 482 3696 Cetemm
493 3666 526 3697 me
536 3656 653 3702 miseretur
667 3658 735 3705 etiam
746 3676 759 3705 a
769 3661 794 3706 L.
807 3660 883 3709 Crassi
894 3666 1001 3713 melione
1027 3664 1091 3711 aaa

217 3701 339 3811 frgsociauus
348 3707 375 3755 L.
387 3708 450 3755 Vlll.
461 3724 484 3769 p.
496 3712 545 3758 824.
555 3714 591 3760 ed.
609 3716 699 3763 Putsch.
731 3719 839 3767 Misereri
854 3722 946 3783 punire
955 3730 991 3773 est
1007 3681 1089 3771 iuml·
