2700 4675
309 818 470 885 praetorem
482 813 627 889 quaestori
639 831 692 878 suo
704 810 831 887 parentis
854 812 922 867 loco
937 820 1009 865 esse
1029 809 1181 881 oportere:

309 914 420 970 nullam
446 931 539 988 neque
558 913 721 986 justiorem,
747 927 841 985 neque
866 907 1035 983 graviorem
1066 918 1181 963 nuum

309 1010 532 1068 necessitudinis
559 1026 644 1083 posse
670 1009 798 1084 reperiri,
825 1023 911 1083 quam
942 1004 1180 1080 conjunctione!

304 1110 402 1176 sortis,
416 1126 501 1183 qnam
514 1109 693 1183 provinciae,
707 1125 793 1183 (mam
805 1106 904 1175 officii,
919 1122 1011 1181 quens
1033 1104 1177 1179 publicu

308 1208 436 1265 muneris
448 1208 628 1266 societatem.
670 1205 980 1280 Quamobrcmsijure
1002 1217 1177 1277 eurupcsses

309 1323 457 1376 accusare,
471 1313 579 1376 tamen,
591 1325 659 1365 cum
672 1307 698 1364 is
711 1306 765 1363 tibi
778 1304 906 1379 parentis
926 1319 1051 1362 nurnero
1070 1302 1176 1367 lusisset,

310 1405 342 1463 ld
361 1406 410 1481 pie
424 1406 520 1465 lacere
542 1424 601 1465 non
622 1424 730 1481 posses.
751 1421 819 1463 cum
839 1419 911 1461 vcro
929 1420 1027 1479 neque
1048 1399 1177 1477 iujm‘m

311 1506 469 1576 acceperis,
495 1511 526 1563 et
551 1505 676 1579 praetori
690 1510 739 1562 tuo
763 1503 922 1578 pericnlum
942 1519 1045 1560 crees:
1063 1499 1176 1558 letands

310 1618 431 1658 neeesse
448 1608 501 1671 est,
516 1609 544 1660 te
557 1604 602 1661 illi
614 1604 752 1678 injustum
765 1602 941 1677 impiumque
954 1603 1065 1658 bellum
1077 1599 1177 1658 nam

311 1700 419 1756 conari.
461 1701 579 1759 Etenim
592 1702 648 1759 ista
662 1706 814 1777 quaestura
827 1701 864 1758 ad
878 1716 943 1758 eam
956 1716 1024 1758 rem
1047 1700 1177 1767 valetut
1209 1724 1213 1730 ·

310 1800 515 1857 elaborandum
529 1801 583 1858 tibi
596 1801 628 1859 in
641 1800 753 1858 ratione
768 1802 915 1858 reddenda
926 1799 975 1867 sit,
985 1801 1176 1875 qsramoirrcm

311 1897 361 1973 qni
370 1904 504 1974 quaestor
511 1901 572 1975 ejus
583 1900 680 1969 fueris,
688 1917 825 1958 accuses:
840 1916 908 1968 uon,
919 1904 951 1956 ut
962 1900 1003 1955 ob
1013 1915 1079 1956 eam
1088 1897 1177 1971 ipsun

309 2014 430 2057 cansam
440 2002 642 2073 postulandum
652 2000 700 2069 sit,
718 2004 750 2057 ut
763 1999 816 2057 tibi
830 1998 1013 2072 potissimum
1034 1995 1178 2055 accusatio

311 2099 405 2154 detur.
446 2100 549 2173 Neque
565 2101 624 2156 lere
644 2093 780 2173 umquam
795 2098 879 2155 venit
902 2097 934 2154 iu
955 2095 1176 2154 contentionem

307 2196 351 2252 de
364 2199 537 2263 accusando,
553 2192 603 2271 qui
616 2203 749 2271 quaestor
760 2197 873 2265 'suaset
888 2195 959 2271 quin
974 2195 1177 2269 repudiaretur.

309 2295 414 2370 itaque
437 2314 530 2371 neque
557 2297 593 2355 L.
608 2295 728 2354 Philoni
755 2296 788 2354 in
803 2296 838 2354 O.
868 2295 1032 2354 Servilium
1054 2291 1175 2353 nominis

312 2396 461 2454 deferendi
475 2401 600 2470 potestas
614 2402 659 2453 est
672 2398 749 2464 data,
760 2414 853 2471 neque
868 2395 911 2453 Μ.
927 2395 1053 2452 Aurelio
1072 2396 1177 2452 Scauro

312 2495 345 2554 iu
359 2497 394 2554 L.
411 2497 561 2564 Flaccum,
570 2514 662 2571 neque
673 2495 734 2554 (lu.
750 2495 890 2568 Pompejo
902 2495 935 2551 in
948 2493 989 2550 Τ.
1005 2492 1175 2551 Albucium:

313 2612 431 2667 quorum
445 2614 531 2651 nemo
554 2602 671 2668 propter
698 2593 904 2668 indignitatem
926 2593 1100 2665 repudiatus
1113 2594 1177 2658 “¹3

312 2692 364 2746 sed
392 2709 429 2747 ne
458 2692 548 2749 libido
574 2694 730 2751 violandae
750 2691 974 2750 necessitudinis
1008 2691 1177 2748 auctoritate

308 2788 452 2862 judicium
476 2795 716 2865 comprobaretur.
769 2791 867 2866 Atque
889 2790 1012 2848 illeUn.
1027 2789 1177 2864 Pompeius

314 2888 356 2945 ita
379 2908 445 2947 cum
467 2891 500 2947 C.
513 2891 593 2947 Julio
611 2888 773 2957 contendit,
789 2895 820 2946 ut
842 2894 872 2946 tu
893 2905 1019 2945 mecum.
1041 2889 1179 2961 Quaestor

314 2990 392 3043 enim
409 2990 528 3046 Albucii
552 2990 651 3057 fuerat,
665 2994 697 3045 ut
710 2994 740 3044 tu
751 2988 862 3045 Verris.
903 2986 999 3044 Julius
1013 2987 1072 3044 hoc
1086 2999 1178 3045 secum

314 3085 492 3140 auctoritatis
514 3087 551 3141 ad
574 3089 768 3144 accusandum
795 3088 940 3153 afferebat,
961 3087 1049 3159 quod,
1069 3091 1102 3143 ut
1124 3085 1176 3142 iro'o

315 3186 442 3252 tempore
453 3200 505 3237 nos
520 3185 556 3237 ab
572 3184 688 3252 Siculis,
698 3186 740 3242 sic
760 3191 820 3241 tum
831 3185 881 3241 ille
895 3186 931 3240 ub
947 3183 1049 3240 Sardis
1061 3188 1178 3259 rogatur,

314 3281 351 3335 ud
362 3296 478 3334 causam
492 3287 661 3336 accesserat.
706 3284 826 3355 Semper
839 3284 912 3338 haec
926 3298 1016 3338 causa
1030 3283 1178 3356 plurimum

314 3374 423 3434 valuit:
444 3393 556 3452 semper
570 3381 642 3435 haec
651 3380 725 3436 ratio
733 3380 889 3438 accusandi
901 3379 956 3436 luit
969 3381 1179 3444 honesuaeias.

313 3496 364 3551 pro
379 3477 474 3544 sociis,
490 3481 646 3550 pro‘salute
667 3479 845 3551 provinciae,
868 3497 920 3552 pro
941 3483 1117 3539 exterarum
1137 3495 1181 3537 nu·

314 3577 589 3635 tionumeommodis
604 3577 773 3634 iuimicitias
794 3578 950 3650 suscipere,
966 3579 1004 3633 ad
1026 3578 1182 3652 pericuum

176 3698 182 3707 ⁸
260 3666 301 3725 20
313 3678 460 3742 accedere,
475 3693 600 3748 operam,
611 3656 745 3742 studium,
753 3677 880 3733 laborem
894 3675 1091 3749 interponere.
1119 3674 1183 3734 ars·

312 3774 411 3830 nimai
432 3773 588 3848 probabilis
603 3776 648 3828 est
660 3791 769 3850 eorum
792 3790 890 3841 causa,
911 3773 960 3848 qui
984 3773 1110 3849 injurias
1123 3762 1185 3839 amr

173 3878 250 4083 ἢ
310 3872 441 3946 persequi
455 3875 572 3944 volunt;
592 3887 648 3946 qua
658 3868 690 3927 in
705 3889 736 3939 re
749 3871 841 3930 dolori
855 3888 915 3938 suo,
929 3889 989 3931 non
1002 3872 1182 3951 reipublicae·

207 4084 235 4116 J
