2700 4675
267 541 331 602 266
603 541 639 589 ΙΝ
653 540 796 591 vultam

267 702 326 743 non
342 690 420 743 esset
435 702 511 743 usus.
526 702 594 745 eum
616 688 664 747 dle
685 695 798 748 eeteros
821 687 1016 759 redemptores
1038 683 1139 741 exolu-

267 784 363 853 sisset,
383 791 443 844 tum
468 785 500 843 in
521 787 583 859 ejus
609 788 757 845 arbitrium
783 804 818 845 ao
845 790 1018 860 potestatem
1034 783 1137 839 venire

267 886 416 952 nolebant,
443 884 492 959 qui
521 885 577 943 sibi
611 891 741 961 ereptam
773 887 910 959 praedam
942 882 1137 941 arbitraretur.

267 979 285 1015 ⁸¹
298 983 375 1039 Nam
392 982 461 1056 quid
483 989 791 1059 argumentumque
813 984 870 1042 isto
890 981 1014 1056 pecunia
1034 995 1138 1053 perve-

266 1076 363 1137 nerit?
382 1079 451 1136 lenit
473 1079 536 1152 ipse
557 1079 708 1137 indicium.
750 1082 879 1139 Primum
892 1098 960 1138 oum
979 1079 1138 1136 vehemen-

266 1176 322 1234 tius
340 1193 407 1235 oum
426 1194 463 1234 eo
485 1177 524 1233 D.
540 1178 645 1235 Brutus
659 1180 860 1247 contenderet,
873 1179 923 1253 qui
942 1177 1008 1235 lnde
1021 1194 1075 1234 suo
1088 1191 1139 1249 pe·

266 1275 355 1333 onnia
368 1276 432 1333 H·S
446 1293 512 1333 nux
524 1275 617 1336 millia
630 1277 811 1347 numeravit3
830 1278 906 1351 quod
913 1277 977 1350 jam
990 1276 1047 1332 iste
1061 1275 1140 1331 serre

267 1392 328 1434 non
354 1379 475 1449 poterat,
497 1391 584 1448 opere
610 1375 737 1443 addioto,
757 1375 908 1449 praedibus
931 1372 1072 1446 receptis,
1097 1372 1142 1427 de

268 1474 332 1533 H-S
348 1491 421 1531 ronx
435 1472 570 1541 millibus,
589 1472 700 1531 remisit
722 1473 762 1529 Ι).
776 1474 867 1530 Bruto
889 1473 953 1529 ll-S
976 1489 1014 1527 cx
1030 1467 1141 1526 millia.

268 1570 334 1629 Hoc
357 1572 383 1627 si
405 1572 503 1629 alieno
526 1589 571 1629 res
590 1576 676 1639 esset,
689 1576 769 1631 oerte
791 1571 889 1629 fouere
913 1585 972 1627 non
986 1566 1140 1642 potuisset.

268 1668 385 1727 Deinde
399 1669 510 1726 nummi
530 1669 673 1726 numerati
686 1674 754 1727 sunt
768 1668 943 1727 Cornificio:
964 1684 1053 1741 quem
1070 1664 1140 1723 sori·

266 1768 334 1825 bam
347 1785 428 1825 suum
441 1767 530 1825 luisse
543 1785 649 1841 negare
663 1785 723 1825 non
737 1771 842 1840 potest.
882 1767 1034 1823 Postremo
1048 1764 1140 1838 ipsius

269 1866 396 1924 Rabonii
417 1868 533 1923 tabulae
556 1867 694 1940 praedam
707 1866 789 1924 illam
802 1865 885 1923 istius
898 1865 985 1922 tuisse
999 1866 1139 1921 clamant.

217 1967 258 2025 58
271 1985 382 2026 ancrns
397 1984 519 2025 nouum
532 1984 671 2024 eunoun.
712 1965 772 2023 Hio
794 1965 882 2022 etiam
909 1965 1000 2038 priore
1021 1962 1141 2021 actione

272 2068 309 2138 Q.
323 2066 495 2124 Hortensius
509 2065 648 2139 pupillum
663 2064 784 2121 Junium
798 2063 914 2121 venisse
928 2042 1141 2137 praetextatum

269 2164 301 2221 in
316 2170 444 2220 vestrum
457 2169 655 2237 conspectum,
674 2161 697 2193 ω
706 2168 737 2220 et
750 2163 864 2221 stetisse
884 2178 951 2219 oum
972 2167 1073 2235 patruo
1086 2168 1141 2219 tes-

268 2262 419 2321 timonium
443 2260 572 2329 dicente,
593 2266 710 2335 questus
737 2267 803 2318 est:
834 2266 865 2319 et
891 2278 938 2317 me
964 2259 1142 2334 populariter

269 2433 283 2465 e
292 2417 412 2473 Fusciano,
420 2431 466 2464 ruo
476 2421 528 2464 esest
536 2431 603 2463 sata.-
619 2430 663 2478 quo
670 2415 719 2463 sine
728 2431 802 2464 sensus
811 2417 883 2464 nullus
892 2419 933 2463 est.
965 2415 1018 2463 Nee
1025 2423 1102 2461 tamen
1110 2413 1142 2461 sie

269 2478 349 2547 breuno¹
358 2477 446 2546 explete
455 2481 502 2522 est:
518 2476 628 2581 neefluod
638 2475 735 2537 sequitur
744 2492 781 2537 ap.
792 2475 934 2545 Fuscianum,
949 2475 1003 2522 satis
1016 2475 1140 2562 cohaeret:

269 2551 322 2583 oum
330 2551 349 2581 sa
358 2552 397 2605 pru
405 2539 529 2605 accessisset²
583 2534 679 2595 replenda
688 2539 762 2606 autem
771 2535 861 2580 estsere
875 2549 899 2604 ¹²¹.
913 2535 971 2580 huno
981 2533 1071 2580 modum
1080 2569 1094 2604 ·.
1101 2547 1142 2579 oea

269 2595 605 2713 dt.⁹;tt'0t.t.⁰⁶⁶tttttl
615 2593 738 2699 ttt‘tl
750 2592 920 2713 {liubit}
928 2593 1040 2699 iiiffl
1056 2605 1095 2654 φ’
1112 2592 1142 2638 ““

287 2730 319 2801 ,θξ
329 2730 666 2800 ΙΝιιηιςιιιίὶαἓνεηιηιειιὺιηιιιτ.]
687 2731 745 2777 Mss.
756 2735 780 2775 et
789 2729 842 2801 edd..
850 2745 884 2791 pr.
894 2745 967 2800 omaso
977 2745 1027 2787 urg.
1032 2729 1098 2836 guod
1109 2733 1143 2776 est

269 2789 343 2838 nrbrb.
375 2789 437 2835 Num
445 2788 500 2848 prud
509 2788 684 2847 estaVletorro,
694 2803 759 2850 quem
773 2793 844 2835 oeten
858 2795 928 2836 semu
942 2792 1000 2836 sunt
1054 2787 1143 2834 tbubet

271 2864 299 2896 ea
307 2848 373 2896 lectio
382 2849 478 2896 colorem
487 2847 631 2909 antiquitatis.

302 2930 325 2961 ⁶²
340 2930 367 2975 de
376 2944 416 2975 sam
423 2943 445 2985 p.
461 2927 510 2974 HS.
527 2942 579 2974 nux.
595 2942 625 2973 oa
656 2925 694 2973 Sic
708 2927 766 2974 hune
786 2940 902 2974 numerum
911 2925 1023 2982 constitui,
1034 2925 1074 2987 qui
1083 2925 1145 2971 vane

272 2987 361 3032 editur:
378 2987 430 3046 quia
446 2987 502 3032 intra
516 2986 547 3032 sir
561 2989 602 3040 est,
619 2990 642 3031 et
660 2986 748 3047 quidem
763 2985 870 3042 inlibris,
880 2986 931 3032 edd.
942 2999 976 3045 pr.
987 2985 1071 3032 linitus
1080 2999 1144 3044 praes

272 3046 342 3088 laetus
352 3052 401 3090 erat
411 3045 434 3089 in
445 3060 495 3090 nux.
506 3044 584 3098 millis,
591 3058 620 3088 aa
629 3045 726 3090 debebat
735 3059 852 3092 numerare
861 3050 900 3090 aut
905 3045 952 3102 jam
962 3049 1093 3090 numerarat
1099 3043 1144 3090 ltu-

272 3100 347 3145 bonio.
379 3102 408 3147 lli
419 3103 498 3147 dehac
508 3115 591 3146 mmma
612 3117 645 3147 cx.
665 3102 763 3150 remissa„
793 3103 900 3150 Getenrm
915 3107 939 3148 et
954 3101 1085 3149 numeravit
1101 3115 1146 3148 non

274 3158 321 3204 sine
331 3158 388 3202 vitio
404 3165 451 3204 est:
467 3160 503 3203 vel
516 3160 647 3205 numerabat
656 3161 780 3219 legendum,
790 3163 974 3209 velannorum.
985 3161 1043 3208 illud
1058 3159 1145 3206 melius.

274 3216 855 3282 Dumnurneratlirutussmibaeverris.ipsoooram,
935 3218 1147 3274 'amfremitetri-

273 3281 363 3338 tuperat
372 3275 480 3321 Verrem:
496 3276 614 3335 quodcum
629 3278 687 3323 terre
701 3285 836 3341 nonposset
846 3235 1145 3341 pffiioaussanomints,

274 3342 324 3442 iuuit
324 3349 363 3396 per
372 3333 541 3439 impatiffitiam
551 3339 577 3380 ut
586 3337 617 3391 lit,
628 3337 714 3383 remisit
722 3338 806 3386 bomini
815 3355 850 3386 cx.
860 3333 940 3386 milh'a
972 3338 1009 3385 lta
1018 3336 1082 3384 dedit
1097 3343 1146 3384 tau-

335 3408 409 3440 ccccu.
421 3408 451 3438 nu
479 3408 500 3438 a.

304 3474 328 3507 ⁰³
342 3478 362 3519 ot
378 3476 437 3518 testes
453 3486 525 3518 seeum
541 3473 575 3534 p]
606 3473 643 3521 Sic
653 3475 743 3533 vulgati.
755 3475 778 3522 id
793 3473 1044 3531 autemessevitiosum,
1054 3489 1146 3522 nom

275 3534 349 3582 tiunt:
367 3537 390 3578 et
400 3531 458 3577 ineo
467 3531 523 3577 vitio
537 3534 606 3580 etiam
620 3533 757 3581 consentiunt
771 3536 829 3582 Mes.
846 3539 870 3581 et
879 3534 930 3582 edd.
940 3537 995 3582 vett
1022 3533 1145 3580 mutina

275 3591 346 3641 edidit
359 3592 388 3638 de
403 3589 506 3638 Memmii
521 3590 633 3638 verissima
647 3593 781 3649 eonjeours,
796 3597 817 3640 et
830 3592 912 3640 stetisse
920 3607 971 3640 cam
982 3607 1006 3650 p.
1043 3591 1090 3640 aed
1098 3605 1150 3638 euna

275 3653 393 3699 noluerunt
409 3648 497 3705 imitari,
512 3665 562 3696 cum
571 3651 616 3697 alia
625 3650 696 3697 multa
714 3652 832 3699 extalibus
841 3651 972 3710 conjecturis
981 3655 1083 3698 correcta
1092 3649 1144 3696 siut.

275 3711 326 3767 ugo
343 3714 431 3757 secutus
448 3723 503 3764 mm,
523 3709 559 3768 qui
578 3709 646 3756 malui
665 3707 764 3757 homines
781 3712 862 3770 legere,
877 3711 936 3772 quod
952 3707 1146 3756 verosimillimum

275 3772 339 3814 esset.
356 3773 380 3814 et
394 3769 489 3828 intelligi
508 3774 589 3830 posset,
608 3782 682 3830 quem,
702 3769 762 3827 quod
778 3775 839 3816 certo
862 3784 876 3814 a
893 3769 1001 3815 cicerone
1018 3779 1065 3813 non
1080 3772 1146 3813 esset

275 3826 355 3872 Paullo
364 3834 414 3886 post
423 3845 465 3891 pro
473 3829 531 3901 qood
540 3828 617 3873 melius
627 3828 737 3883 legeretur
751 3828 797 3888 qui.
828 3829 856 3874 la
870 3827 928 3876 Ma.
946 3831 971 3872 et
984 3825 1036 3872 edd
1053 3841 1088 3888 pr.
1105 3840 1147 3888 per

275 3885 429 3943 compenum
438 3894 544 3950 seriptum
553 3891 586 3934 est
594 3885 693 3933 verbum.
