2700 4675
569 547 578 581 i

461 631 537 683 uon·
551 631 581 681 n.
596 631 695 680 murm
708 629 840 678 rrimus.
1025 631 1087 692 24⁵

221 782 375 851 oporteret.
415 778 573 837 ¹Voeoniu
598 782 648 836 lex
675 784 705 835 te
732 774 874 833 videlicet
899 770 1090 830 deiectuhutt

222 877 352 934 imitatus
366 895 445 934 esses
457 878 552 949 ipsum
565 878 647 934 iilum
656 877 693 933 C.
708 874 885 940 Voconium,
898 873 948 947 qui
962 875 1026 946 tege
1039 887 1091 929 suu

223 975 416 1034 hereditatem
424 976 533 1032 ademit
548 975 619 1031 nulii
634 991 727 1047 neque
739 972 854 1046 virgini,
863 989 955 1046 neque
964 969 1090 1029 mulieri:

224 1074 323 1131 sanxit
336 1075 368 1131 in
382 1080 534 1147 postemm,
547 1072 596 1147 qui
609 1077 672 1146 post
683 1090 732 1129 eos
741 1088 875 1130 censores
890 1071 995 1128 census
1005 1074 1092 1140 esset,

224 1172 345 1243 nequis
370 1174 505 1230 heredem
527 1172 677 1245 virginem,
703 1189 779 1229 neve
800 1171 951 1228 mutierem
973 1169 1093 1227 iaceret.

225 1270 262 1326 In
276 1272 342 1342 lege
353 1270 488 1327 Voconia
502 1286 558 1327 nou
572 1276 626 1336 est,
646 1287 750 1336 ruem,
771 1286 924 1325 nuceum:
945 1287 1038 1340 neque
1060 1268 1093 1326 iu

224 1368 284 1424 ulte
296 1368 481 1440 praeteritum
502 1375 614 1440 tempus
637 1367 865 1440 reprehenditur,
885 1366 942 1423 uisi
962 1365 1023 1438 eJ'us
1041 1364 1093 1433 rei,

225 1482 298 1539 quae
309 1483 361 1523 suu
371 1475 474 1539 sponte
487 1470 629 1523 sceterata
637 1483 672 1521 uc
684 1465 794 1522 nefarie
805 1469 858 1532 est,
869 1469 909 1531 ut,
920 1463 1034 1520 etiamsi
1045 1466 1094 1521 lex

225 1580 284 1621 non
298 1570 384 1632 esset,
398 1577 572 1639 magnopere
596 1564 717 1620 vitanda
738 1563 833 1619 tuerit.
876 1564 974 1636 Atque
995 1563 1028 1619 in
1049 1562 1094 1619 his

224 1665 308 1719 rehus
321 1666 412 1721 mutto
425 1663 558 1720 videmus
571 1662 613 1719 ita
625 1667 728 1719 sancta
746 1680 810 1718 esse
831 1662 953 1735 iegibus,
974 1667 1005 1718 ut
1025 1667 1094 1718 ante

222 1760 301 1817 tacta
314 1761 345 1817 in
353 1761 496 1833 judicium
511 1779 569 1818 nou
584 1766 735 1818 vocentur.
767 1759 927 1819 ¹Cornelio
941 1765 1094 1817 testamen·

225 1858 307 1925 turio,
318 1861 486 1927 nummaria,
497 1865 612 1916 ceterae
623 1863 803 1931 complures:
823 1860 855 1915 in
866 1860 967 1932 quibus
979 1878 1038 1916 uon
1045 1860 1095 1931 jus

223 1957 341 2030 otiquod
361 1973 470 2013 novum
484 1960 590 2028 populo
613 1956 806 2022 constituitur,
830 1958 881 2012 sed
905 1957 1041 2022 sancitur,
1056 1962 1096 2025 ut,

224 2056 302 2128 quod
326 2070 440 2125 semper
459 2056 565 2110 maium
590 2054 702 2110 facinus
722 2054 817 2122 tuerit,
831 2055 893 2127 ejus
916 2056 1045 2128 quaestio
1059 2055 1097 2111 ud

224 2155 363 2227 poputum
374 2152 525 2224 pertinent,
539 2169 577 2209 ex
592 2157 673 2209 certo
694 2159 830 2226 tempore.
873 2154 928 2225 De,
939 2154 1005 2226 jure
1026 2170 1096 2211 vero

226 2251 313 2309 civiti
326 2251 351 2307 si
365 2252 428 2325 quis
441 2252 512 2308 novi
526 2251 593 2325 quid
613 2250 633 2281 ¹⁰
642 2252 775 2318 instituit,
786 2252 811 2307 is
825 2253 932 2319 omnic,
943 2271 1016 2327 quae
1027 2261 1096 2310 ante

225 2356 293 2409 ecta
306 2357 381 2418 sunt,
395 2356 457 2408 ruta
478 2369 542 2407 esse
556 2350 671 2423 patitur.
713 2351 796 2406 Cedo
813 2352 884 2408 mihi
903 2349 923 2382 ¹¹
936 2355 1014 2424 teges
1032 2353 1097 2409 Ati·

224 2449 299 2517 nias,
314 2450 427 2518 Furius,
440 2450 542 2522 ipsam,
556 2455 588 2503 ut
601 2447 673 2514 dixi,
700 2446 873 2513 Voconiam,
893 2466 995 2504 omnes
1019 2468 1097 2522 pme·

225 2550 307 2606 terea
320 2550 356 2604 de
373 2549 440 2618 Jure
460 2547 561 2613 civili3
584 2546 638 2602 hoc
660 2543 787 2616 reperies
810 2545 841 2600 in
859 2546 992 2602 omnihus
1010 2546 1098 2605 statui

217 2646 279 2721 jus,
290 2662 346 2718 quo
359 2650 423 2716 post
444 2661 509 2700 eum
535 2646 629 2716 legem
648 2644 768 2715 populus
790 2648 892 2699 utatur.
934 2645 992 2717 Qui
1013 2646 1097 2718 pluri-

253 2798 264 2830 8
282 2797 378 2844 Voconia
392 2822 402 2830 -
415 2823 426 2832 -
440 2796 583 2858 delectatum]
600 2794 758 2854 interrogative
767 2797 810 2842 hoc
825 2796 963 2857 cupiendum,
973 2799 1029 2846 alias
1044 2800 1096 2848 imi-
1179 2793 1181 2797 ’

226 2861 287 2904 tetur
297 2871 349 2903 erres
359 2871 402 2904 uon
412 2856 465 2903 sotis
476 2855 600 2915 respondet.

254 2936 385 2982 ⁰Gorueh'u
400 2940 492 2991 tertam„
508 2935 563 2995 etc]
595 2933 677 2980 Sustuli
696 2948 782 2979 comma
799 2937 850 2994 post
859 2934 971 2989 Censetur,
981 2939 1039 2996 quod
1056 2953 1096 2986 nce

223 3002 260 3040 est
277 2997 299 3040 in
315 2995 366 3040 edd.
383 3011 416 3055 pr.
434 2999 531 3040 ceterum
542 2999 596 3055 puto
606 2994 661 3038 haec
675 3008 724 3038 curn
742 2992 889 3049 legr'brnxesse
904 2995 1028 3051 conjuncta,
1040 3005 1063 3042 et
1073 2998 1096 3044 in

224 3053 324 3099 uhietivo
334 3053 473 3114 accipienda:
490 3054 546 3100 alias
563 3052 636 3098 oratio
646 3067 690 3099 uon
705 3056 798 3098 comtat.
830 3051 889 3097 Nam
905 3050 1030 3112 intelligere
1043 3060 1097 3104 scrut

224 3127 274 3157 cum
283 3112 431 3167 Hotomanuo,
443 3113 465 3158 id
491 3113 564 3158 uidem
582 3111 683 3172 putidum
699 3116 740 3156 est.
772 3111 816 3157 cen
826 3115 907 3155 σείεται
916 3114 1036 3167 conplures
1051 3131 1095 3162 uon

223 3170 376 3228 consentiunt3
392 3171 451 3230 quod
459 3172 487 3216 de
515 3176 551 3217 ret
567 3186 615 3217 esse
630 3171 706 3216 ceteris
719 3170 874 3226 compluribus.
891 3174 957 3230 atque
968 3172 1000 3217 ita
1009 3173 1095 3221 videtur

223 3226 307 3272 Cicero
314 3227 356 3272 seri
371 3228 430 3284 risse,
441 3228 555 3298 idqneper
564 3229 720 3290 compendium
734 3229 839 3332 scriptum
859 3227 937 3274 vitiose
952 3233 1095 3292 explanatum

227 3288 270 3329 est.
303 3285 345 3329 ln,
368 3301 384 3330 s.
397 3284 439 3331 Gu,
451 3300 496 3330 uon
505 3288 657 3345 disjunguntur
666 3303 680 3332 a
689 3302 768 3348 praece
784 3287 876 3332 entibus.

256 3362 277 3392 ¹⁰
291 3361 389 3407 imtitur‘t
403 3389 412 3397 -
427 3391 433 3398 ·
448 3363 553 3432 potitum]
585 3364 718 3410 Graeviuse
732 3363 843 3410 Prisciano
852 3364 923 3410 edidit
931 3367 1060 3424 instituerit,
1071 3373 1095 3414 et

226 3437 255 3467 ex
266 3419 344 3465 eodem
352 3424 376 3465 et
387 3421 481 3467 Asconio
491 3421 554 3466 scribi
564 3422 613 3467 vult
622 3437 667 3468 non
674 3423 776 3476 patitur?
785 3425 843 3482 quod
853 3430 877 3468 et
886 3424 1094 3486 Hotommnuspro

223 3478 301 3526 habat.
327 3479 483 3535 Conjunctivus
494 3478 583 3539 quidem
598 3479 683 3526 alienus
692 3487 732 3526 est.
764 3481 787 3526 si
802 3483 891 3539 negatio
907 3498 956 3528 curu
973 3485 1094 3541 interrogo-

227 3539 291 3585 tione
301 3552 355 3582 vern
364 3541 430 3593 esset,
440 3537 533 3583 deberet
540 3552 589 3584 esse
597 3552 643 3584 uon
651 3539 678 3592 ic,
688 3543 729 3583 etc.
763 3540 840 3600 itaque
848 3541 961 3599 vulgatum
970 3541 1063 3587 servavi.
1122 3574 1125 3579 ·

254 3617 273 3648 ¹1
290 3617 346 3672 leger
355 3617 395 3660 At
406 3614 497 3670 Furius,
506 3614 604 3676 Furiae]
636 3615 719 3662 undu
727 3614 828 3663 vitiosum
839 3633 892 3675 esse,
903 3619 926 3664 id
944 3620 1031 3679 quidem
1047 3632 1093 3664 cer-

221 3682 272 3744 tum
282 3682 333 3744 estj
349 3674 467 3720 delendum
475 3673 612 3744 pimpiiciter5
624 3689 653 3720 an
662 3674 745 3779 w
754 3675 898 3744 scribendum,
910 3678 932 3721 id
946 3678 1034 3736 quidem
1049 3692 1093 3722 um-

222 3735 344 3792 bigrturpn
354 3737 521 3793 eoquevanant
530 3733 581 3779 edd.
598 3733 672 3780 iudea
706 3738 791 3780 rctorro.
823 3736 872 3793 Ego
882 3739 968 3780 secutus
984 3750 1030 3780 sum
1045 3749 1091 3791 eor,

223 3791 931 3914 2¹‘¹¹²¹‘terdenqtnidetuercurui
939 3793 1051 3900 utu
1067 3794 1091 3840 ¹

263 3949 335 3989 von.
357 3951 400 3989 ru.
679 3935 718 3990 23
738 3929 757 3965 ¹

222 3865 269 3898 uon
278 3851 363 3907 sufficit,
