2700 4675
449 568 520 618 rur.
537 570 566 618 n.
582 567 680 617 unns
694 566 870 617 sncunnus.
1031 570 1092 629 337

228 719 342 789 praetor
355 731 393 771 ex
407 722 524 773 senatus
538 719 670 774 consulto
683 718 721 773 de
741 714 855 789 oppidis
871 713 1034 771 Siculorum
1047 714 1095 769 de·

228 815 312 871 duxit
327 816 536 889 Agrigentum
557 822 673 873 cautum
695 820 740 872 est
759 816 790 871 in
814 813 961 886 Scipionis
974 812 1096 885 legibus,

229 931 267 969 ne
281 916 375 986 plures
386 919 484 970 essent
493 914 524 970 in
535 918 637 970 senatu
647 928 686 970 ex
694 915 862 971 colonorum
872 926 1001 978 numero,
1010 926 1097 984 qutun

227 1008 297 1068 ⁴⁶ex
319 1017 419 1068 velere
444 1012 710 1085 Agrigentinorum
752 1013 822 1079 lete,
844 1010 892 1086 qui
916 1010 1015 1067 omnis
1027 1010 1096 1082 juro

226 1110 320 1183 pretio
333 1115 531 1184 exaequasset,
544 1109 729 1185 omniumque
742 1109 836 1167 rerurn
849 1111 1001 1167 delectum'
1009 1112 1095 1182 utque

227 1208 383 1266 discrimen
406 1210 531 1283 pecunie
552 1209 728 1267 sustulisset:
750 1227 809 1267 non
832 1209 918 1266 modo
940 1208 1005 1275 illc,
1019 1209 1094 1281 quse

225 1314 308 1364 erant
335 1308 450 1377 aetatis,
475 1310 594 1377 ordinis,
616 1315 817 1384 quaestusque,
838 1306 1014 1380 comiscuit
1041 1304 1094 1360 ⁸01¹

226 1406 316 1463 ctiam
329 1407 364 1464 in
375 1408 420 1465 lris
433 1410 542 1466 duobus
556 1408 719 1483 generibus,
733 1407 844 1464 civium
860 1420 1000 1462 novorum
1014 1409 1094 1459 vele·

226 1521 352 1579 rumque,
366 1507 512 1564 delectum
533 1506 720 1581 ordinemque
742 1504 877 1562 urrbnvil.
918 1502 1006 1569 Nam,
1026 1517 1094 1559 cnm

226 1608 304 1660 esset
317 1622 356 1661 ex
371 1609 506 1662 veterum·
522 1622 643 1662 nurnero
655 1604 772 1680 quidum
791 1608 908 1662 senetur
920 1604 1093 1669 demortuus,

225 1705 335 1759 etcum
349 1721 387 1760 ex
402 1708 520 1779 utroque
533 1721 641 1779 genere
654 1722 707 1779 pru·
716 1719 849 1762 numerus
864 1702 988 1777 reliquus
999 1705 1090 1758 esset:

227 1805 356 1858 veterem
376 1804 506 1876 cooptari
525 1816 645 1862 necesse
669 1805 732 1861 erut
753 1805 873 1878 legibus,
886 1808 918 1859 ul
931 1802 957 1858 is
971 1802 1094 1873 amplior

225 1915 360 1957 numerus
374 1905 459 1957 esset
501 1902 584 1972 Quae
597 1917 665 1958 curn
678 1902 721 1967 its
731 1919 763 1958 se
776 1917 822 1956 res
837 1901 972 1956 haberet:
993 1905 1093 1960 temen

225 1999 263 2055 ad
276 1998 363 2054 istum
377 2004 520 2054 venerunt
531 2004 638 2055 emtum
648 2001 746 2056 locum
756 2000 837 2055 illum
846 1994 1022 2054 senatorium
1033 2014 1091 2053 non

223 2099 317 2153 solum
339 2101 463 2164 veteres,
484 2098 646 2154 sedetiam
665 2095 745 2153 novi.
764 2097 807 2163 fit,
829 2100 862 2152 ut
882 2096 976 2169 pretio
998 2112 1092 2153 novus

225 2193 336 2261 vincat,
360 2194 526 2269 litterasque
545 2213 563 2253 a
583 2200 715 2269 praetore
736 2194 853 2251 oulemt.
904 2193 1092 2269 Agrigentini

224 2293 261 2350 nd
275 2293 366 2351 istum·
376 2296 485 2368 legatos
500 2293 626 2361 mittunt,
640 2294 769 2369 quicum
783 2295 862 2369 leges
876 2292 1010 2362 decenni,
1023 2301 1092 2352 con*

223 2393 462 2466 suetudinemque
471 2393 600 2448 omniurn
610 2394 975 2448 annorumdernonstrenl:
995 2396 1025 2447 ul
1036 2392 1091 2447 iste

225 2488 411 2562 intelligeret,
422 2489 451 2545 ei
463 2507 495 2544 se
506 2488 587 2544 illurn
600 2491 698 2544 locum
711 2488 888 2554 vendidisse,
901 2487 949 2544 cui
963 2505 1001 2544 ne
1014 2504 1091 2544 com·

221 2587 362 2646 mercium
376 2585 490 2658 quidem
502 2603 565 2641 esse
578 2589 732 2658 oporteret.
753 2602 873 2658 quorum
884 2585 1014 2642 oratione
1025 2585 1091 2651 iste,
1106 2587 1108 2593 ’

221 2701 290 2744 curn
305 2683 427 2756 pretium
434 2683 498 2755 jam
509 2683 679 2756 accepisset,
689 2700 727 2740 ne
735 2685 877 2741 tantulum
887 2684 1003 2759 quidem
1014 2700 1090 2741 com·

223 2787 318 2842 molus
342 2786 394 2838 est.
438 2782 520 2838 idern
541 2781 611 2838 lecit
637 2783 809 2840 ilerscleee.
830 2800 898 2840 narn
922 2800 958 2839 eo
979 2800 1091 2856 qnoque

223 2885 343 2942 colonos
359 2881 391 2937 P.
407 2881 540 2953 Rupilius
559 2881 689 2948 deduxit,
702 2868 837 2956 legesque
858 2881 967 2939 similes
986 2882 1023 2937 de
1043 2897 1091 2937 co·

224 2982 352 3055 optando
366 2984 478 3047 senatu,
491 2997 526 3036 cc
549 2980 586 3037 de
608 2998 727 3037 numero
748 2985 880 3037 velerum
894 2997 929 3037 cc
950 2996 1091 3037 novorum

221 3080 313 3137 dedit.
354 3080 400 3137 Ibi
414 3097 472 3137 non
486 3081 578 3139 solum
591 3079 656 3147 iste,
667 3085 700 3138 nt
712 3081 789 3152 apud
802 3084 923 3148 ceteros,
938 3081 1091 3154 pecuniam

223 3176 347 3252 accepit,
357 3180 409 3236 sed
423 3179 510 3237 elium
523 3197 630 3254 genere
644 3184 776 3237 veterum
790 3197 825 3236 nc
839 3197 980 3238 novorum
994 3199 1091 3239 nurne-

225 3330 310 3379 Vcrum
320 3345 367 3379 esse
376 3336 462 3393 parete
471 3331 521 3379 niv.
533 3337 569 3388 27,
580 3337 615 3380 36.
633 3334 671 3382 ubi
680 3333 702 3380 ei
711 3333 825 3396 provincia
842 3333 920 3382 Sicilia
928 3336 1029 3382 evenisse
1038 3336 1092 3381 dici-

225 3392 269 3436 tur.
301 3390 476 3437 Sedetihilibri
501 3390 575 3438 uidam
583 3392 665 3438 habent
675 3393 785 3449 Marullus,
796 3394 863 3439 solitu
872 3395 1005 3441 conluuione.
1037 3394 1091 3438 Pro

225 3448 315 3496 nuninu
324 3449 393 3496 etism
403 3450 430 3496 0.
443 3453 467 3494 et
501 3484 507 3494 .
517 3464 583 3510 saepe
592 3449 615 3496 in
624 3451 683 3496 Mrs.
695 3458 853 3512 permutentur.

254 3528 276 3560 ⁴⁰
290 3543 318 3574 es
332 3533 401 3577 uslere
415 3529 484 3589 Age]
515 3528 607 3576 Servavi
624 3542 673 3575 curn
692 3528 880 3585 Gruteruoctere,
896 3545 945 3576 curn
962 3528 1008 3584 elii,
1023 3528 1091 3576 edan

225 3585 341 3642 Graevius,
348 3586 459 3634 ediderint
467 3592 571 3644 ueterum,
579 3588 641 3634 velut
648 3590 771 3634 necesmis
779 3589 921 3635 correctione.
947 3585 1091 3646 Sedplanum

225 3649 267 3700 est,
277 3660 398 3692 numerum
407 3645 443 3690 hic
457 3660 505 3692 esse
520 3662 598 3706 genus:
616 3652 641 3693 ut
655 3662 674 3693 c.
689 3650 724 3693 69.
735 3646 792 3706 quod
805 3662 879 3704 genre
894 3646 1015 3697 omnent,
1028 3658 1091 3704 qroenr

224 3717 353 3760 numerum,
363 3716 427 3764 mrem
435 3705 537 3750 ordinem
551 3706 652 3763 proferre
664 3706 738 3762 polet?
752 3710 825 3752 utrum
837 3705 898 3753 dicas
907 3707 969 3750 velut
983 3716 1092 3750 numerus

224 3763 309 3866 Agritg.
319 3768 574 3813 annmmvderum
583 3766 641 3823 Agr.
652 3763 800 3826 nihilrelert5
814 3764 857 3812 nisi
871 3761 997 3825 quodillud
1012 3765 1091 3810 estex-

226 3834 284 3882 qunr
294 3836 335 3868 rus.

263 3919 335 3961 von.
351 3919 392 3962 1v.
659 3906 694 3960 31
