2700 4675
425 575 491 627 rao
505 577 574 628 sax.
589 574 879 627 10111011111111110.
1050 582 1092 642 50

222 717 563 793 intellexeruut,snmma
572 724 831 798 diligentiavitam
842 720 1093 780 SemRosciicus·

224 823 322 888 todiri,
336 839 430 896 neque
444 822 603 879 sibialiam
623 822 724 877 caedis
746 820 900 877 faciundae
921 823 1095 892 potestatem

222 920 303 989 dari3
324 916 1096 991 consiliumceperunt,plenumscelerisetaudaciae‚

221 1022 254 1076 ut
268 1034 376 1074 nomen
390 1016 475 1088 hujus
483 1018 520 1083 de
534 1015 688 1089 parricidio
700 1016 852 1084 deferrent,
864 1021 896 1073 ut
908 1018 946 1074 ad
955 1032 1021 1073 eam
1032 1032 1094 1075 rem

224 1115 353 1188 aliquem
366 1119 563 1171 accusatorem
578 1119 707 1171 veterem
720 1119 931 1187 compararent,
944 1103 993 1189 qui
1006 1116 1043 1171 de
1057 1130 1094 1172 ea

222 1230 255 1270 re
277 1217 374 1285 posset
394 1213 491 1269 dicere
514 1211 631 1287 aliquid,
657 1213 770 1286 inqua
796 1232 827 1270 re
854 1214 936 1270 nulla
960 1215 1094 1271 subesset

224 1311 368 1384 suspici03
389 1311 514 1385 denique
527 1316 567 1379 ut,
580 1311 719 1386 qnoniam
731 1311 854 1367 crimine
868 1328 928 1367 non
951 1316 1094 1383 poteraut,

224 1415 353 1483 tempore
380 1410 444 1484 ipso
472 1415 642 1485 pugnarent.
663 1408 707 1464 ita
729 1409 808 1482 loqui
834 1408 987 1465 homines:
1008 1426 1094 1473 onon

222 1525 348 1566 sunium
363 1526 429 1566 usu
444 1526 499 1564 mu
523 1525 627 1565 uacus
650 1524 714 1563 nou
738 1523 869 1573 asenna,
891 1523 1094 1589 couupuuaar

222 1624 289 1665 auu
305 1624 479 1673 oeoaunau,
496 1622 730 1671 ou1ra1a1us1u
755 1622 904 1662 summan
928 1622 1093 1663 innocuus

222 1722 320 1763 assur
334 1726 342 1761 ι
363 1706 432 1763 huic
445 1710 543 1762 autem
556 1710 691 1778 pan-nuos
706 1714 822 1778 propter
835 1704 1020 1785 Chrysogoni
1030 1721 1093 1779 gra·

223 1802 295 1861 tiam
308 1804 475 1860 defuturos:
495 1805 532 1861 de
559 1805 698 1862 bonorum
725 1802 906 1870 venditione,
920 1808 951 1867 et
975 1804 1013 1859 de
1037 1803 1095 1859 ista

224 1901 366 1958 societate
381 1903 503 1958 verbum
516 1918 580 1958 esse
590 1902 732 1958 lucturum
744 1900 911 1957 neminem:
931 1900 995 1972 ipso
1004 1900 1095 1957 nomi·

225 2015 265 2054 ne
289 1997 447 2070 parricidii,
459 2003 490 2053 el
502 1997 653 2054 atrocitate
667 1996 806 2062 criminis,
817 1996 886 2063 lore,
900 2001 931 2052 ut
944 1998 993 2053 hic
1014 1997 1096 2053 nullo

225 2093 344 2168 negotio
358 2096 515 2162 tolleretur,
528 2110 594 2152 cum
608 2096 645 2151 ab
659 2094 740 2151 nullo
753 2094 887 2151 delemus
900 2098 986 2151 esset.
1027 2095 1095 2152 Hoc

223 2192 357 2260 consilio,
371 2197 457 2267 atque
470 2193 544 2251 adeo
557 2194 613 2251 hac
632 2192 770 2269 amentia,
783 2191 909 2265 impulsi,
922 2211 1008 2268 quem
1027 2192 1095 2267 ipsi,

224 2310 292 2354 cum
305 2297 459 2368 cuperent,¹
476 2311 535 2352 uon
556 2297 711 2368 potuerunt
729 2291 749 2323 ¹⁸
759 2292 903 2362 occidere,
927 2310 994 2352 eum
1008 2293 1094 2372 jugu-

222 2395 342 2451 landum
355 2392 639 2460 vobistradiderunl,

266 2491 345 2562 Quid
358 2490 482 2564 primum
491 2489 613 2564 querar‘.l
627 2494 676 2546 ant
687 2491 765 2546 unde
775 2487 1095 2562 potissimumjudices,
1107 2494 1143 2553 11

224 2585 343 2645 ordiar?
364 2591 414 2643 aut
427 2587 512 2658 quod,
526 2590 576 2642 ant
589 2603 607 2642 a
621 2583 871 2658 quibusauxilium
885 2584 1004 2658 petam?
1018 2587 1096 2644 Deo·

227 2701 329 2742 rumne
345 2680 574 2740 immortalium?
593 2681 730 2756 populine
752 2680 901 2740 Romani?
921 2690 1096 2754 vestramne,

224 2781 274 2858 qui
288 2798 428 2840 summam
455 2784 627 2854 potestatem
651 2780 774 2848 habetis,
797 2781 854 2838 hoc
867 2786 995 2856 tempore
1008 2784 1096 2854 fidem

223 2878 398 2954 implorem?
418 2881 506 2939 Pater
525 2879 640 2938 occisus
668 2880 786 2947 nelarie,
804 2881 906 2939 domus
919 2884 1045 2952 obsessa,
1058 2885 1096 2942 ab

223 2979 353 3038 inimicis
368 2982 444 3037 bona
457 2982 583 3047 ademta,
603 2994 746 3052 possessa,
758 2978 889 3052 direpta:
910 2980 964 3038 lilii
978 2981 1040 3040 vila
1053 2981 1095 3040 in·

224 3079 308 3146 lesia,
327 3097 414 3152 saepe
437 3077 511 3135 ferro
539 3081 624 3152 atque
649 3077 764 3135 insidiis
785 3077 923 3150 appetita.
967 3079 1045 3152 Quid
1057 3081 1094 3138 ab

226 3176 272 3232 his
286 3181 329 3232 tot
342 3177 492 3235 maleficiis
503 3176 621 3254 sceleris
635 3177 738 3232 abesse
753 3173 890 3233 videtur?
910 3182 1007 3235 tamen
1020 3179 1095 3238 haec

225 3268 290 3354 aliis
304 3273 421 3330 nelariis
436 3276 587 3331 cumulant
599 3277 685 3346 atque
699 3274 858 3346 adaugent:
879 3275 989 3332 crimen
1003 3277 1095 3334 incre·

225 3368 316 3427 dibile
329 3371 515 3444 confingunt:
537 3375 624 3428 testes
638 3372 669 3427 in
686 3370 764 3426 huuc
787 3374 818 3427 et
840 3380 1021 3433 accusatores
1045 3378 1094 3435 hu·

224 3467 312 3541 jusce
326 3467 450 3539 pecunia
472 3472 658 3543 comparant:
679 3468 756 3524 hanc
773 3468 970 3528 conditionem
991 3475 1096 3533 misero

223 3566 331 3631 lerunt,
346 3568 378 3621 ut
391 3571 482 3638 optet,
494 3573 588 3624 utrum
604 3564 689 3624 malit
701 3565 831 3624 cervices
845 3568 953 3626 Roscio
965 3572 1043 3640 dare,
1056 3590 1095 3630 an

251 3718 273 3755 ¹⁸
286 3720 401 3782 neewerc]
435 3719 460 3767 lu
468 3718 518 3767 Me.
527 3720 572 3770 Gn.
584 3724 619 3768 est
628 3734 705 3768 aman.
717 3735 761 3768 sec.
772 3720 827 3768 etin
837 3720 943 3780 margines
