2700 4675
263 565 324 627 let
598 561 633 611 ΙΝ
648 559 792 610 VERREM

288 704 348 752 itlius
363 704 456 753 oonsilio
471 704 551 753 Cioero
563 704 597 753 ita
605 706 707 753 oeeunit.
738 704 823 753 Statuit
832 708 969 766 perpennam
978 703 1104 752 orationem
1113 704 1137 752 in-

288 784 349 831 aliud
358 789 444 847 tempus
453 800 573 844 reservare,
583 790 607 833 et
615 786 713 833 breviter
722 789 791 833 testes
800 784 963 844 interrogando
972 785 1130 832 asursan'onen

288 863 399 924 expedire.
430 866 463 911 Et
472 866 576 927 quoniam
590 864 632 912 sibi
640 864 760 915 abrrsitnta
769 863 856 911 ratione
864 862 995 921 Hortensii,
1004 868 1131 911 eteorum-

288 943 412 1003 pendorum
417 942 549 1001 judicionun
560 944 717 992 conaretudine
724 943 825 1001 timebat,
832 944 876 989 hae
884 947 937 989 tota
946 943 1054 989 oratione
1059 942 1130 989 multis

287 1022 351 1068 minis
359 1022 501 1082 interpositis,
512 1026 535 1068 et
550 1023 702 1079 Hortensium,
713 1027 737 1069 et
753 1021 809 1068 alios
823 1021 933 1080 eiusmodi
943 1022 1042 1068 artiuoes
1050 1026 1128 1084 perter

287 1113 337 1146 rere
346 1103 437 1147 conatus
446 1105 494 1147 est:
510 1102 627 1147 osteudens
643 1116 666 1147 se
676 1102 796 1148 admissum
805 1101 901 1147 dedemus
911 1100 1053 1147 severissime
1061 1113 1127 1161 perse

286 1182 412 1239 quntum.
443 1178 534 1227 Deinde
549 1194 602 1226 oram
618 1178 730 1227 matoria
746 1179 832 1237 jardieia
845 1179 940 1226 infanda
955 1178 1090 1237 ment,
1104 1184 1125 1225 et

285 1258 379 1319 populus
389 1258 488 1320 equitum
498 1259 582 1318 judicia
600 1247 733 1320 magnopere
747 1258 866 1318 flagitaret,
881 1258 985 1305 ostendit
999 1260 1056 1306 hans
1064 1272 1123 1305 unam

287 1352 335 1385 esse
344 1338 551 1397 velmaximamaut
558 1354 585 1385 ea
595 1337 742 1396 amittendiisi
752 1353 776 1385 se
785 1338 897 1399 eorrumpi
907 1337 1020 1386 sinerent:
1031 1343 1067 1385 sut
1074 1352 1120 1384 aon

287 1419 388 1466 firmandi
397 1420 526 1466 facultatem
535 1423 559 1466 et
568 1419 652 1466 ordinis
666 1417 770 1465 invidiam
784 1416 942 1479 infamiamque
954 1416 1123 1475 judiciorumse·

287 1496 363 1554 dandi,
373 1498 392 1543 si
401 1498 424 1544 in
433 1499 476 1544 hoe
488 1497 579 1556 juditio,
590 1512 636 1560 quo
652 1494 759 1545 oemtor'n'
773 1495 856 1544 ordinis
866 1495 985 1555 interitus
994 1496 1123 1555 injudieinn

278 1579 386 1637 'vomam
396 1576 538 1624 severitatem
548 1581 571 1623 et
580 1576 709 1636 religionem
718 1580 766 1623 tam
774 1575 837 1635 gravi
850 1579 876 1622 et
885 1575 978 1624 delecto
987 1575 1124 1633 oonsiliodig·

285 1665 337 1698 uam
346 1652 472 1700 adhibeant.

229 1829 243 1886 l
258 1804 354 1900 Quor)
370 1843 451 1882 narr
465 1824 623 1898 optandum
632 1822 899 1895 maximejudioes,
909 1828 942 1880 et
953 1824 1030 1899 quod
1041 1837 1124 1881 uuum

257 1928 294 1983 ad
315 1924 457 1984 invidiam
475 1924 565 1981 vestri
588 1922 707 1990 ordinis,
728 1920 934 1997 infamiamque
952 1922 1124 1995 judiciorum

257 2027 423 2092 sedandam,
446 2024 571 2082 maxime
585 2020 766 2106 pertinebat3
787 2021 818 2077 id
839 2038 900 2078 uon
918 2021 1050 2079 humano
1062 2038 1122 2078 eon·

256 2122 330 2190 strio,
343 2126 395 2179 sed
414 2140 502 2196 prope
522 2123 664 2179 divinitus
677 2122 778 2177 datum
789 2125 875 2195 atque
895 2121 1031 2177 obiutuna
1044 2118 1123 2177 mois

255 2238 366 2276 summo
393 2220 569 2293 reipublicae
606 2224 736 2293 tempore
763 2219 888 2276 videtur.
944 2217 1122 2277 Iuvetersvit

254 2318 403 2395 enimjam
414 2317 513 2394 opinio
526 2318 690 2391 perniciosa
702 2318 888 2393 reipublicae,
901 2316 912 2348 ¹'
923 2318 1066 2395 vobisque
1078 2334 1120 2394 pe·

254 2422 387 2491 rieuioaa,
401 2439 474 2498 qaue
493 2438 552 2478 non
566 2421 652 2477 modo
671 2420 793 2486 Romae,
805 2419 859 2475 sed
877 2423 908 2474 et
922 2421 1005 2492 apud-
1015 2425 1124 2477 entem

253 2521 397 2589 nationes,
410 2522 539 2579 omnium
565 2536 697 2576 sermone
721 2517 906 2592 percrebruit,
930 2518 978 2576 iris
995 2517 1120 2594 jiusds,

149 2653 153 2659 .
254 2637 327 2695 quae
336 2637 413 2676 nuno
427 2622 494 2688 sint,
512 2619 699 2693 pecuniosum
712 2617 869 2685 hominem,
879 2619 1017 2694 quamvis
1030 2619 1120 2677 sitne

254 2733 335 2785 eene,
348 2719 498 2776 neminem
508 2737 593 2793 posse
605 2720 745 2777 damnari.
786 2719 815 2776 N
818 2735 887 2786 une,
901 2716 1016 2794 inipso
1028 2719 1119 2779 disori

254 2816 333 2879 nine
341 2818 451 2877 ordinis
454 2818 686 2893 judiciorumque
698 2823 866 2901 vestrorum,
875 2835 945 2875 oum
953 2820 1015 2878 nint
1026 2817 1119 2894 penti,

255 2917 305 2992 qui
317 2919 506 2978 concionibus
520 2923 550 2975 et
573 2917 685 2993 legibus
704 2918 781 2973 hane
795 2916 940 2974 invidiam
951 2923 1072 2977 senatus
1082 2918 1118 2977 in-

255 3014 401 3074 flammare
416 3023 566 3084 conentur,
580 3035 644 3074 reus
664 3015 696 3073 in
708 3015 852 3089 judicium
872 3017 1018 3076 adductus
1033 3025 1078 3078 est
1088 3014 1119 3076 (2.

253 3113 373 3181 Verres,
387 3116 474 3172 homo
485 3115 547 3171 vita
561 3119 646 3189 atque
654 3115 750 3183 suetis,
762 3115 963 3195 omniumjasn
976 3119 1118 3194 opinione,

253 3210 415 3279 damnatus,
429 3211 570 3285 pecuniae
585 3214 793 3286 magnitudine,
803 3232 855 3272 sue
865 3233 917 3288 spe
928 3233 966 3274 ee
979 3217 1120 3291 pnsum

253 3309 343 3378 tione,
354 3312 507 3368 absolutus.
549 3310 626 3369 Huic
641 3329 696 3387 ego
710 3329 823 3381 causae,
832 3314 961 3386 judices,
972 3332 1042 3375 oum
1053 3330 1118 3374 saur

253 3427 301 3468 ma
324 3411 474 3468 voluntate
488 3416 519 3469 et
542 3412 762 3485 exspectatione
783 3413 882 3487 popuii
896 3412 1029 3479 Romani
1049 3422 1121 3476 sotor

253 3510 375 3580 necessi,
387 3527 447 3585 uon
459 3515 492 3567 ut
503 3511 793 3585 augeremiuvidiam
805 3511 926 3582 ordinis,
940 3516 994 3574 sed
1009 3522 1043 3576 ut
1055 3516 1119 3577 inre

282 3641 552 3728 munumentum]
575 3665 696 3714 Lambinus
705 3671 729 3714 et
738 3666 871 3716 ameum
882 3666 930 3714 rus.
941 3668 1028 3719 smne
1039 3670 1122 3720 mane

252 3727 361 3787 miisqsn.
378 3739 457 3786 nempe
467 3723 517 3786 quia
527 3728 550 3769 et
557 3723 636 3770 Cicero
643 3730 732 3772 senator
741 3731 798 3774 erat.
830 3727 882 3786 Sed,
892 3726 948 3788 quia
957 3733 1013 3778 ante
1022 3727 1123 3781 estem

253 3782 543 3844 maantesuanoebet
551 3784 712 3844 mamm.
