2700 4675
394 582 463 630 rer.
481 583 510 631 u.
539 583 637 634 crasa
652 584 828 634 ascunnus.
985 589 1051 650 333

176 720 208 778 in
217 740 253 779 eo
266 725 447 795 potissimum
465 727 487 762 ³⁷
498 732 691 791 Sthenianum
701 732 860 805 praemium
871 729 1050 805 poneretur?

176 825 271 878 utrum
286 824 342 881 hoc
356 826 470 899 signum
484 830 652 902 cupiditatis
666 837 744 899 tuae,
764 849 803 888 arr
827 838 977 905 tropaeum
999 848 1050 888 ne·

177 919 361 979 cessitudinis
376 930 460 1000 atque
481 927 610 1000 hospitii,
631 946 669 986 an
693 929 798 988 amoris
820 929 962 987 indicium
983 946 1048 986 esse

177 1018 320 1077 voluisti?
340 1022 467 1081 Faciunt
491 1026 547 1083 hoc
570 1027 713 1096 homines,
733 1046 803 1104 quos
826 1028 858 1087 in
872 1046 984 1086 summa
998 1046 1047 1084 ne·

176 1116 267 1189 quitia
282 1137 340 1176 non
361 1124 453 1180 solum
480 1124 571 1181 libido
598 1130 629 1183 et
656 1128 798 1200 voluptas,
826 1144 928 1185 verum
956 1127 1047 1185 etiam

175 1211 265 1285 ipsius
280 1219 425 1293 nequitiae
440 1222 517 1280 tama
529 1225 667 1294 delectat,
682 1231 713 1283 ut
724 1226 821 1283 multis
833 1225 864 1282 iu
876 1225 949 1282 locis
961 1231 1046 1282 notas

174 1327 209 1367 ac
224 1315 348 1389 vestigia
370 1322 511 1378 scelerum
533 1340 648 1380 suorum
662 1323 785 1397 relinqui
806 1323 909 1379 velint.
952 1324 1046 1380 Arde·

174 1410 224 1467 bat
238 1430 334 1472 amore
348 1416 425 1475 illius
440 1420 582 1493 hospitae,
596 1426 712 1494 propter
731 1438 817 1495 quam
842 1419 960 1492 hospitii
978 1421 1046 1491 jura

175 1508 307 1568 violarat
349 1515 415 1571 Hoc
443 1534 501 1573 non
526 1520 618 1574 solum
642 1517 711 1575 sciri
736 1524 807 1585 tum,
829 1535 931 1575 verum
955 1518 1045 1576 etiam

174 1612 392 1669 commemorari
406 1631 520 1687 semper
533 1617 660 1672 volebat.
693 1617 795 1691 ltaque
809 1634 847 1673 ex
861 1616 912 1673 itta
926 1616 989 1690 ipsa
1003 1634 1044 1684 re,

174 1723 268 1779 quam,
282 1716 437 1768 accusante
453 1713 613 1787 Agathino,
636 1720 774 1789 gesserat,
795 1715 908 1772 Veneri
933 1716 1045 1788 potissi·

174 1819 252 1860 mum
266 1808 365 1865 deberi
381 1811 538 1882 praemium
552 1812 662 1880 statuit,
673 1831 746 1887 quae
760 1797 841 1870 illim
855 1818 946 1870 totam
959 1832 1044 1871 accu-

172 1904 522 1981 sationemjudiciumque
536 1909 685 1966 condarat.
728 1911 863 1966 Putarem
880 1915 910 1965 te
930 1917 1043 1983 gratum

171 2001 202 2057 in
216 2004 295 2071 deos,
309 2006 334 2060 si
348 2006 403 2061 hoc
417 2006 525 2062 donum
539 2005 652 2063 Veneri
674 2013 732 2063 no'n
755 2007 793 2062 de
817 2006 935 2084 Sthenii
954 2007 1043 2063 'bonis

170 2101 310 2168 dedisses,
324 2104 374 2159 sed
384 2105 422 2160 de
436 2104 511 2161 tuis:
533 2105 609 2179 qnod
620 2104 716 2161 tacere
725 2104 861 2171 debuisti,
873 2104 1043 2177 praesertim

171 2217 239 2257 curn
251 2200 305 2257 tihi
314 2202 366 2259 illo
377 2202 440 2276 ipso
451 2219 529 2261 anno
539 2222 557 2260 a
569 2203 733 2261 Chelidone
744 2204 874 2259 venisset
886 2202 1041 2259 hereditas.

171 2300 231 2356 Hic
254 2318 317 2368 ago,
346 2303 371 2353 si
396 2304 472 2358 hauc
494 2321 614 2354 causam
637 2305 696 2354 non
723 2302 852 2356 omniurn
877 2300 1041 2359 Siculorum

169 2398 269 2468 rogatu
284 2392 473 2464 recepissem:
495 2393 520 2448 si
534 2395 618 2450 hoca
630 2412 676 2449 me
691 2396 817 2450 muueris
829 2413 888 2451 non
902 2399 1042 2458 universa

168 2490 321 2566 provincia
335 2489 530 2560 poposcisset:
551 2489 576 2545 si
598 2507 644 2545 me
659 2489 773 2547 animus
798 2495 885 2564 atque
906 2509 989 2550 amor
1007 2495 1040 2552 in

167 2586 376 2660 rempublicam
391 2585 635 2659 existimatioque·
646 2588 756 2643 offensa
771 2588 860 2644 nostri
880 2589 989 2646 ordinis
1002 2608 1041 2650 ac

162 2685 339 2763 judiciorum
354 2702 413 2740 non
427 2684 482 2740 hoc
497 2683 593 2740 lacere
607 2682 764 2758 coiigisset,
784 2683 869 2760 atque
883 2687 957 2744 haec
980 2704 1041 2746 una

167 2802 256 2843 causa
278 2783 387 2850 luisset,
408 2783 484 2857 quod
511 2782 637 2839 amicum
661 2789 748 2858 atque
770 2785 914 2856 hospitem
941 2804 1040 2845 meum

170 2882 334 2948 Sthenium,
353 2899 439 2956 quem
459 2881 490 2938 iu
504 2886 655 2954 quaestura
670 2899 734 2939 mea
748 2882 932 2954 singulariter
944 2885 1038 2942 dilex-

168 2982 264 3048 issem,
278 2982 315 3037 de
329 2998 385 3054 quo
397 2979 506 3053 optime
522 2979 745 3046 existimassem,
765 2997 850 3052 quem
870 2979 901 3036 in
921 2982 1038 3053 provin·

168 3081 216 3138 cia
229 3079 454 3137 existimationis
468 3096 551 3136 meae
560 3079 799 3136 studiosissimum
809 3077 1038 3151 cupidissimum·

169 3196 224 3252 que
238 3194 419 3251 cognossem,
433 3183 493 3234 tam
513 3179 677 3245 crudeliter,
698 3180 848 3244 scelerate,
870 3178 1037 3255 nefarieque

170 3281 343 3335 tractasses:
364 3273 384 3306 ³⁰
395 3281 493 3332 tamen
507 3276 594 3350 digna
609 3294 706 3335 causa.
720 3277 890 3335 inimicitias
911 3279 1038 3347 hominis

167 3373 372 3447 improbissimi
386 3372 570 3445 susciperem,
585 3377 616 3429 ut
629 3373 751 3446 hospitis
762 3377 883 3431 satutem
898 3377 1036 3431 fortunas-

169 3490 224 3549 que
239 3472 435 3530 defenderem.
477 3470 624 3528 Fecerunt
637 3471 693 3528 hoc
714 3472 797 3528 multi
817 3474 893 3544 apud
913 3472 1038 3544 majores

194 3644 218 3679 ³⁷
231 3642 379 3691 Sthenianum
386 3643 522 3703 praemium]
539 3642 554 3688 i.
572 3656 591 3687 e.
603 3656 647 3702 quo
668 3657 694 3688 ro
703 3643 797 3689 victoria
807 3620 841 3689 'de
851 3641 945 3690 Sthenio
964 3643 1032 3690 doua-

164 3709 234 3759 retur,
244 3707 269 3749 ut
278 3715 358 3762 eseqq.
370 3701 511 3760 intelligitur,
522 3701 598 3762 inqua
608 3715 623 3745 a
656 3714 723 3748 encre
730 3703 819 3760 adjutm
828 3703 863 3747 sit.

191 3781 214 3815 ³³
229 3780 380 3836 ammatgm
388 3780 471 3839 eamq
504 3779 540 3825 sn
556 3779 606 3824 eun.
618 3792 700 3825 omna.
732 3780 779 3826 Μ..
800 3779 879 3839 aliquis
894 3765 959 3826 aaut
972 3785 1038 3842 aaa,

164 3839 260 3898 aliiduc
273 3839 393 3889 vitiaretur.
424 3837 484 3886 thud
493 3837 603 3886 Graevius
612 3838 704 3907 recepit
729 3838 894 3916 bosom.
