2700 4675
259 562 320 621 132
595 553 630 603 m
644 552 788 603 VERREM

255 708 384 772 senator,
397 698 447 779 qui
459 719 527 762 cum
538 702 633 778 judex
645 708 731 769 esset,
743 702 775 759 in
793 700 899 757 eodem
906 698 1030 772 judicio
1048 705 1081 759 et
1100 703 1135 759 ab

255 821 307 862 reo
326 803 483 878 pecuniam
495 802 652 877 acciperet,
667 819 753 876 quam
766 799 915 874 judicibus
929 798 1092 868 divideret,
1105 804 1133 857 et

255 904 295 959 ab
307 906 484 969 accusatore,
498 907 529 959 ut
542 918 623 960 reum
636 903 800 958 damnarat:
819 899 838 955 J
840 915 889 956 am
902 916 979 955 vero
989 900 1130 973 quomodo

256 1000 338 1058 illam
351 1001 455 1067 labem,
468 1000 668 1074 ignominiam,
683 999 937 1071 calamitatemque
952 997 1043 1055 totius
1057 997 1126 1055 ordi-

257 1098 304 1160 nis
322 1094 503 1171 conquerar?
526 1098 582 1154 hoc
596 1097 705 1153 lactum
718 1114 782 1153 esse
795 1096 827 1153 in
842 1097 898 1154 bac
911 1096 1051 1164 civitate,
1064 1113 1131 1155 cum·

258 1195 419 1254 senatorius
437 1196 508 1253 ordo
521 1195 676 1269 judicaret,
696 1200 729 1252 ut
741 1194 932 1252 discoloribus
946 1196 1040 1270 signis
1053 1195 1127 1270 jura·

258 1299 352 1353 torum
371 1295 520 1353 hominum
540 1293 703 1351 sententiae
718 1291 908 1351 notarentur?
934 1295 1017 1351 Haec
1030 1294 1127 1351 omnia

260 1411 308 1453 me
338 1394 494 1470 diligenter
529 1410 688 1468 severeque
715 1399 844 1451 actumm
879 1411 955 1463 esse,
980 1393 1126 1467 polliceor.

203 1505 251 1566 *14
262 1495 328 1565 Quo
342 1511 389 1551 me
410 1495 528 1551 tandem
551 1492 729 1551 animatore
750 1491 865 1566 putetis,
887 1492 912 1548 si
934 1492 1053 1567 qnid·in
1072 1494 1129 1550 boc

261 1592 325 1665 ipso
339 1592 453 1664 judicio
466 1592 640 1649 intellexero
653 1592 743 1649 simili
757 1590 852 1666 aliqua
865 1590 979 1649 ratione
992 1609 1058 1649 esse
1072 1591 1129 1649 vio·

260 1693 351 1747 latum
379 1694 465 1763 atque
492 1687 698 1747 commissum?
721 1707 788 1747 cunr
815 1690 985 1764 praesertim
1012 1693 1128 1764 planum

261 1788 357 1845 lacere
379 1787 476 1844 multis
495 1787 615 1844 testibus
633 1789 751 1861 possim,
778 1790 813 1847 G.
829 1790 954 1846 Verrem
972 1790 1004 1847 in
1022 1789 1130 1856 Sicilia,

261 1888 361 1945 multis
381 1886 572 1954 audientibus,
593 1905 681 1961 saepe
694 1887 814 1956 dixisse,
836 1905 866 1944 ee
881 1885 1132 1945 tannebrunne

261 1993 408 2064 potentem
421 1986 501 2063 natjan
505 1984 618 2064 fiducia
626 1983 801 2063 prouinciam
812 1984 966 2064 spoliuret:
983 2004 1073 2064 neqroe
1084 1983 1135 2045 aa·

264 2083 320 2141 eols'
332 2082 480 2160 pamniam
490 2102 630 2159 qreuerere,
647 2083 699 2141 ned
714 2083 756 2141 itu
774 2082 926 2142 tricandum
943 2083 1021 2141 illud
1026 2092 1133 2163 praete

264 2198 316 2237 rue
328 2180 481 2238 Siciliensis
500 2180 679 2239 distributum
698 2181 818 2241 babere:
839 2190 870 2239 ut
882 2199 976 2240 senem
990 2181 1133 2261 praeclare

265 2276 346 2355 ‘lagi
359 2276 467 2348 diceret,
482 2277 606 2337 siunins
619 2279 689 2337 enni
706 2289 849 2358 qnamdam
861 2280 892 2340 in
904 2299 966 2340 rem
978 2301 1064 2342 neuen
1078 2299 1134 2342 ene

267 2385 401 2436 uerteret:
414 2378 532 2436 alterum
537 2379 667 2456 patronae
680 2387 706 2438 et
719 2380 909 2458 deferremus
921 2381 985 2440 ente
998 2382 1134 2441 truderat

268 2477 380 2538 tertium
398 2477 479 2535 illam
496 2477 666 2536 tenerrimum
687 2478 1018 2558 qrenestuoetost'nmmque
1036 2497 1134 2540 mum

269 2585 356 2635 lotum
374 2577 521 2652 judiciter
540 2585 701 2635 reservaret.
742 2579 790 2636 Ex
813 2597 870 2653 quo
896 2580 971 2638 mihi
1000 2582 1084 2639 venit
1107 2580 1135 2638 in

266 2679 399 2738 mentem
414 2675 484 2731 illud
507 2677 613 2744 dicere,
634 2679 709 2750 quod
723 2680 798 2750 apud
814 2677 866 2734 M’.
883 2679 1078 2739 Glabrionem
1091 2698 1135 2739 nu·

271 2791 332 2846 per,
359 2791 425 2830 cum
449 2774 480 2831 in
508 2774 672 2846 rejiciendis
691 2776 838 2848 judicibus
858 2794 1134 2846 commemorassem,

272 2873 416 2942 intellexi,
427 2876 616 2932 vehementer
626 2878 761 2948 populum
773 2876 937 2934 Romanum
948 2877 1134 2937 commoveri:

272 2990 320 3028 ure
344 2973 573 3043 arbitrarisne,
595 2974 794 3030 utinationes
817 2979 937 3031 exterae
965 2980 1079 3052 legatos
1103 2962 1137 3032 ad

196 3117 200 3127 .
273 3073 409 3140 populum
429 3072 590 3126 Romanum
613 3070 634 3101 ⁴⁹
643 3072 799 3140 mitterent,
821 3078 851 3129 ut
874 3075 923 3130 lex
949 3076 987 3132 de
1013 3075 1138 3150 pecuniis

271 3219 480 3336 dixsstssgtssticceerrecl‘]
512 3219 617 3269 Debebat
630 3236 677 3270 esse
692 3231 808 3283 ageretur:
823 3239 865 3288 pro
881 3239 926 3286 quo
941 3232 1032 3275 mutata
1046 3227 1138 3276 oratore

303 3357 325 3390 ⁴⁹
339 3357 448 3403 mitterent
457 3383 467 3391 -
476 3383 486 3391 ·
494 3359 625 3420 tollendum]
656 3361 720 3408 Haec
733 3363 752 3409 si
766 3363 924 3411 refennunad
937 3378 1136 3418 emmonem

273 3417 325 3463 ferri
336 3419 437 3478 possunt:
448 3431 499 3473 non,
510 3416 526 3463 si
537 3417 635 3478 praecise
645 3421 736 3475 adfore.
748 3437 799 3468 nam
807 3422 840 3468 ita
849 3422 930 3480 corrigi
940 3423 1011 3470 debet
1020 3427 1139 3472 naum·

274 3478 380 3522 tollatur:
390 3475 448 3535 quod
458 3475 476 3544 si
486 3476 536 3546 quis
542 3477 613 3532 malit,
624 3493 667 3524 non
678 3493 810 3550 repugnem.⁸
834 3479 858 3526 N
859 3496 895 3550 arn
904 3487 928 3526 et
937 3497 991 3528 mox
1000 3484 1085 3531 vitiose
1098 3480 1139 3528 edi·

274 3534 1014 3658 tumnultu{tntttfnttultttlttttt'
1038 3543 1141 3648 liduit

275 3655 326 3701 edd.
344 3668 377 3715 pr.
396 3651 466 3698 Aldus
476 3651 538 3697 dedit
554 3653 727 3710 nrbdrurenlur,
744 3656 802 3702 unde
817 3655 893 3702 sumsit
908 3655 1033 3706 Victorius.
1065 3655 1139 3706 Sedl'.

274 3712 392 3761 Manutius
401 3709 498 3757 restituit
507 3715 578 3757 vetus.
589 3711 628 3757 alii
638 3713 762 3760 Victorium
771 3713 840 3761 secuti
854 3719 912 3770 sunt,
928 3715 1002 3762 vimm
1012 3718 1037 3764 in
1046 3717 1142 3764 univero

273 3791 356 3835 genere
365 3777 442 3824 critico
453 3775 605 3833 excellentem,
618 3777 657 3825 sed
671 3778 700 3824 ad
715 3778 884 3836 intelligendam
899 3783 1027 3829 stmcturae

275 3830 673 3942 nonsatisexercitatumetncrae
704 3836 902 3906 lntraiutin.cap.
917 3839 972 3889 edd.
987 3840 1070 3890 ΚΒΓ.
1138 3873 1142 3880 ·

275 3894 326 3951 Asc
337 3897 422 3953 pariter
429 3894 514 3944 habuit
522 3893 608 3940 subatra
672 3928 681 3943 .,
691 3900 778 3947 unone,
