2700 4675
546 573 772 623 remorsurus
1036 576 1096 636 iss

224 724 300 781 miae
315 720 466 778 communi
478 737 683 789 succurrerem.
713 719 832 778 Adduxi
843 718 924 775 enim
937 719 1095 786 hominem,

222 824 254 879 in
273 839 329 895 quo
346 819 533 876 reconciliare
556 819 804 877 existimationem
817 817 997 888 judiciorum
1013 817 1098 876 arnis·

225 938 299 986 sam,
309 918 402 975 redire
411 917 444 973 in
457 917 579 990 gratiam
587 934 654 973 cunr
664 918 770 990 populo
778 916 920 983 Romano,
932 914 1099 972 satisfacere

224 1016 333 1075 exteris
356 1014 523 1073 nationibus
552 1014 694 1087 possetis3
725 1016 958 1087 depeculatorem
985 1012 1098 1080 aerarii,

225 1121 398 1172 vexatorem
415 1113 505 1171 Asiae
518 1118 605 1187 atque
625 1114 820 1187 Pamphiliae,
835 1115 1010 1187 praedonem
1022 1112 1099 1186 juris

227 1213 340 1280 urbani,
362 1214 457 1270 labem
478 1216 563 1285 atque
585 1212 744 1285 perniciem
766 1212 939 1286 provinciae
965 1211 1097 1270 Siciliae.

229 1316 277 1372 De
290 1331 345 1388 quo
358 1313 383 1370 si
398 1331 449 1369 vos
464 1330 566 1370 severe
586 1313 777 1386 religioseque
789 1311 1011 1383 jndicaveritis3
1033 1328 1099 1367 auc·

227 1413 386 1480 tentasse,
405 1429 479 1485 quae
503 1412 535 1468 in
560 1411 644 1468 vohis
667 1427 817 1467 remanere
838 1410 935 1475 debet,
949 1408 1098 1466 haerebit:

223 1511 269 1569 sin
283 1511 366 1569 istius
378 1512 515 1584 ingentes
526 1507 833 1579 divitiaejudiciorum
845 1506 1015 1580 religionem
1026 1507 1100 1563 veri·

224 1616 372 1685 talemque
387 1607 592 1682 perlregerint:
613 1624 669 1680 ego
683 1607 738 1663 hoc
752 1611 849 1663 tamen
864 1623 1006 1681 assequar,
1018 1607 1099 1680 utju-

223 1708 333 1766 dicium
357 1698 452 1780 potius
476 1706 663 1779 reipublicae,
676 1703 782 1780 'quam
797 1711 847 1762 aut
867 1723 932 1763 reus
940 1704 1098 1778 judicibus,

225 1812 276 1863 aut
291 1811 442 1863 accusator
457 1822 505 1861 reo
518 1805 643 1862 defuisse
658 1805 801 1861 videatur.
841 1805 995 1878 Equidem,
1008 1811 1040 1862 ut
1061 1805 1099 1861 de

227 1922 275 1961 me
294 1904 442 1968 confitear,
459 1903 584 1983 judices,
606 1919 674 1957 cum
695 1904 804 1957 multae
830 1902 904 1957 milri
922 1903 990 1959 αθ.
1004 1904 1099 1959 Verre

229 2001 355 2058 insidiae
367 2005 443 2056 terra
451 1998 578 2072 marique
586 1998 680 2055 iactae
689 1998 757 2064 sint,
767 2016 838 2071 quas
851 1998 954 2069 partim
962 2016 1027 2056 mea
1035 2000 1100 2057 dili·

230 2099 331 2175 gentis
353 2096 517 2162 devitatum,
535 2097 641 2169 partim
654 2096 812 2153 amicorum
832 2096 928 2153 studio
948 2097 1100 2172 officioque

230 2196 401 2270 repulerim:
422 2212 574 2269 numquam
590 2200 687 2252 tarnen
709 2199 802 2269 neque
816 2199 927 2253 tantum
942 2197 1100 2271 periculum

228 2296 301 2357 mihi
322 2295 401 2353 adire
423 2294 502 2352 visus
527 2312 598 2363 sum,
613 2312 706 2369 neque
721 2298 872 2369 tantopere
896 2296 1042 2369 pertimui,
1066 2302 1100 2356 ut

227 2414 305 2455 nunc
320 2396 351 2452 in
365 2395 428 2467 ipso
436 2394 558 2467 judicio.
601 2395 705 2467 Neque
720 2399 834 2451 tantum
848 2412 895 2450 me
917 2396 1102 2467 exspectatio

229 2493 424 2553 accusationis
438 2510 530 2558 meae,
547 2509 759 2563 concursusque
780 2496 879 2547 tantae
900 2493 1102 2562 multitudinis,

230 2593 333 2668 quibus
357 2609 413 2665 ego
434 2593 518 2646 rebus
532 2589 786 2645 vehementissime
800 2590 957 2662 perturbor,
978 2607 1103 2666 cqmmo·

229 2694 439 2764 vet‚quantum
466 2687 549 2745 istius
564 2686 688 2743 insidiae
702 2686 839 2755 nefariae,
861 2706 931 2761 quas
959 2707 1017 2746 uno
1031 2695 1102 2749 tem·
1205 2709 1209 2716 ·

227 2807 298 2864 pore
311 2786 411 2855 ³mihi‚
436 2786 529 2852 vobis,
546 2783 595 2841 M’.
612 2784 767 2841 Glabrioni
783 2787 927 2858 praetori,
939 2788 1038 2856 sociis,
1051 2809 1101 2848 ex·

227 2889 298 2947 teris
311 2885 485 2951 nationibus,
499 2883 602 2950 ordini,
627 2882 740 2940 nomini
754 2884 880 2958 denique
903 2887 1049 2943 senatorio
1062 2889 1103 2945 sa·

228 3005 297 3046 cere
320 2990 455 3042 conatur:
477 2984 527 3058 qui
547 2982 589 3040 ita
608 2982 734 3050 dictitat,
756 2982 793 3040 iis
813 3001 878 3039 esse
907 2987 1102 3056 metuendum,

231 3086 291 3162 qui,
301 3085 377 3159 quod
391 3083 461 3156 ipsis
475 3082 544 3139 solis
559 3082 629 3139 satis
652 3087 738 3148 esset,
752 3082 973 3155 surripuissent:
995 3102 1026 3141 se
1040 3090 1102 3145 tan-

232 3189 295 3241 tum
305 3180 462 3254 rapuisse‚⁴
473 3186 505 3238 ut
517 3180 548 3238 iu
559 3180 655 3239 multis
674 3181 744 3238 satis
755 3200 819 3238 esse
829 3181 929 3256 possit.
951 3182 1024 3243 nihil
1037 3205 1101 3245 esse

262 3337 275 3369 ²
289 3340 404 3404 qsmm'oat
413 3336 483 3404 seua]
498 3336 551 3404 'sic
559 3336 610 3382 edd.
618 3350 651 3405 pr.
663 3330 776 3394 consensu,
786 3337 854 3398 idque
863 3337 972 3384 consentit
985 3340 1068 3387 formae
1079 3346 1102 3387 et

232 3394 386 3443 consuetudini
404 3394 522 3440 Ciceronis.
554 3395 580 3440 ln
592 3395 690 3440 edruone
705 3395 798 3442 Graevii
807 3401 973 3444 tamenestut:
988 3400 1063 3445 nescio
1072 3414 1101 3444 sn

230 3453 340 3501 consulto.
354 3509 360 3522 ,
372 3451 632 3556 Moxjudtcis‘seddffir.
644 3452 752 3514 adusque
765 3454 856 3501 Aldum.
886 3454 1008 3504 ludicius
1023 3457 1102 3504 melius

231 3528 270 3561 rm
279 3513 413 3572 opponitur:
429 3511 496 3572 rdque
506 3515 541 3556 est
555 3525 578 3556 rn
618 3525 635 3556 s.
646 3511 690 3557 Gn.

262 3593 274 3626 ³
289 3591 353 3647 nodi,
364 3591 431 3647 uobis,
441 3589 475 3636 M.
483 3591 533 3652 Gt]
564 3588 641 3636 Deleri
657 3590 765 3638 Graevius
782 3594 832 3640 vult
841 3594 907 3650 calm,
922 3595 982 3656 quod
992 3597 1026 3638 est
1035 3593 1065 3637 ab
1074 3592 1099 3639 P.

230 3649 358 3722 Manutio:
374 3649 517 3754 quiajudifes
527 3649 572 3694 siut
587 3649 609 3695 in
625 3648 702 3696 ordine
717 3652 834 3698 senatorio.
865 3653 910 3699 Sed
926 3653 1014 3698 videtur
1023 3651 1103 3707 grada-

231 3715 296 3759 tuone
305 3713 338 3756 utu
347 3724 377 3755 vo
386 3709 591 3765 msse‚m1t10lacto
600 3723 614 3752 a
623 3722 653 3755 se.

261 3791 273 3823 ι
287 3789 383 3838 mum.
393 3788 446 3836 am
455 3788 588 3850 mopsos]
620 3788 863 3849 Debemtessepomr:
877 3768 1102 3846 uinearum

231 3847 940 3915 postselnbetmmdrelerripotestsdpmmlffl·
1040 3889 1042 3892 ·
