2700 4675
571 577 748 628 orvrrrsrro.
1034 585 1093 644 145

221 725 311 790 enim,
331 723 359 779 si
381 740 398 779 a
418 724 515 795 pueris
537 725 693 792 nobilibus,
714 742 785 799 quos
806 725 901 780 adhuc
918 724 1019 795 elusit3
1039 724 1096 782 sia

224 822 499 895 quadruplatoribus,
513 840 583 894 quos
598 840 656 879 non
670 823 733 878 sine
753 839 842 877 causa
854 822 1010 879 contemsit
1023 836 1095 879 sem·

229 938 290 991 per,
301 936 336 976 ac
351 936 402 992 pro
416 919 509 975 nihilo
523 919 646 991 putavit,
660 920 815 976 accusandi
826 921 960 978 voluntas
971 921 1008 977 ad
1022 920 1099 980 viros

221 1018 318 1083 sortes,
332 1021 533 1090 spectatosque
563 1016 694 1073 homines
715 1019 853 1074 unuslata
865 1018 912 1085 sit,
926 1036 957 1075 se
971 1018 1002 1076 in
1020 1018 1099 1091 judi·

228 1116 284 1171 ciis
298 1114 439 1171 dominari
453 1131 511 1171 non
524 1132 617 1187 posse.
659 1115 737 1172 Huic
759 1133 814 1189 ego
826 1117 938 1174 homini
947 1118 1012 1191 jam
1026 1094 1127 1175 ante8

229 1213 376 1280 denuntio,
396 1213 422 1269 si
442 1230 460 1269 a
482 1231 529 1269 me
551 1230 667 1270 causam
690 1215 766 1271 hanc
789 1232 842 1271 vos
866 1215 913 1289 agi
937 1216 1100 1284 volueritis,

230 1311 371 1369 rationem
384 1311 428 1369 illi
440 1312 616 1369 defendendi
630 1316 721 1369 totam
734 1331 799 1368 esse
813 1316 997 1384 mutandam3
1012 1320 1043 1372 et
1055 1315 1098 1372 ila

224 1414 323 1467 lamen
338 1412 513 1479 mutandam,
528 1416 559 1468 ut
572 1410 736 1467 meliorest
749 1410 915 1467 honestiore
928 1411 1098 1469 conditione

225 1508 272 1577 sil,
286 1527 371 1584 quam
382 1527 438 1584 qua
451 1509 514 1582 ipse
528 1526 592 1565 esse
604 1510 685 1578 vult3
705 1512 738 1565 ut
750 1508 879 1566 imitetur
891 1509 1023 1567 hominos
1037 1528 1097 1577 eos,

221 1627 294 1685 quos
308 1609 370 1682 ipse
385 1608 461 1666 vidit
474 1607 676 1681 amplissimos,
697 1609 732 1666 L.
749 1608 886 1667 Crassum
899 1614 929 1665 et
943 1605 987 1665 M.
1003 1610 1096 1667 Anto-

206 1757 209 1763 .
225 1710 321 1779 nium;
340 1710 389 1785 qui
402 1709 476 1766 nihil
490 1726 521 1767 se
535 1709 747 1767 arbitrabantur
759 1710 796 1766 ad
811 1709 925 1782 judicia
937 1727 1095 1783 causasque

222 1808 389 1884 amicorum,
401 1812 515 1880 praeter
527 1809 614 1864 fidem
625 1812 655 1864 et
668 1808 828 1881 ingenium,
839 1808 939 1865 afferre
952 1813 1093 1881 oportere.

227 1904 310 1962 Nihil
330 1905 394 1973 erit,
412 1907 497 1980 quod,
510 1923 557 1961 me
572 1910 686 1976 agente,
700 1906 865 1970 arbitretur,
869 1905 1013 1974 judicium
1030 1906 1095 1962 sine

226 2018 333 2073 magno
354 2004 507 2058 multorum
531 2000 659 2073 periculo
683 2018 769 2072 posse
791 2000 943 2074 corrumpi.
983 2001 1047 2075 Ego
1063 2002 1094 2059 in

225 2098 404 2171 hocjurlicio
421 2097 494 2155 mihi
509 2098 671 2155 Siculomm
685 2114 802 2156 causam
822 2104 979 2171 receptam,
996 2100 1094 2173 populi

228 2198 354 2255 Romani
375 2202 537 2270 susceptam
562 2214 625 2254 esse
646 2197 784 2254 arbitror:
805 2201 837 2254 ut
856 2198 928 2256 mibi
947 2216 1006 2256 non
1020 2217 1093 2257 nnus

225 2298 312 2355 homo
332 2296 475 2371 improbus
489 2296 690 2371 opprimendus
710 2296 758 2366 sit,
778 2296 809 2355 id
822 2298 898 2373 quod
913 2297 1006 2356 Siculi
1020 2297 1092 2373 peti·

224 2401 338 2465 verunt,
352 2394 432 2453 15seri
446 2397 565 2454 omnino
579 2396 757 2469 improbitas,
772 2396 803 2452 id
816 2397 892 2470 quod
905 2399 1025 2469 populus
1034 2397 1091 2453 Ro·

222 2512 325 2553 manus
330 2495 443 2567 jamdiu
454 2494 574 2566 flagitat,
584 2493 796 2565 exstinguenda
807 2498 892 2565 atque
908 2492 1032 2550 delenda
1043 2492 1090 2549 sit

225 2594 265 2649 ln
278 2609 333 2666 quo
346 2609 402 2664 ego
414 2591 483 2664 quid
496 2589 578 2657 eniti,
591 2595 641 2646 aut
653 2589 723 2663 quid
744 2590 858 2646 efficere
879 2588 996 2662 possim,
1014 2591 1091 2647 malo

226 2688 258 2747 iu
286 2688 406 2746 aliorum
429 2705 481 2762 spe
508 2687 679 2761 relinquere,
705 2703 789 2761 quam
814 2687 847 2744 iu
873 2687 1003 2745 oratione
1023 2704 1089 2745 mes

220 2806 340 2863 ponere.

266 2886 316 2946 Tu
337 2907 416 2958 vero,
440 2887 564 2958 Caecili,
594 2887 662 2963 quid
683 2883 787 2963 potes?
812 2905 869 2962 quo
881 2892 1019 2962 tempore,
1040 2886 1090 2945 aut

224 2996 280 3062 qna
293 2989 325 3046 in
338 3007 369 3046 re
382 3007 441 3046 non
454 2991 540 3047 modo
559 2989 709 3062 specimen
723 2986 829 3045 ceteris
846 2987 961 3061 aliquod
974 2985 1089 3054 dedisti,

224 3087 275 3143 sed
289 3091 348 3146 tute
363 3088 405 3145 tui
426 3088 584 3161 periculum
607 3083 728 3145 iecisti?
758 3087 794 3144 In
815 3091 943 3144 mentem
962 3086 1014 3144 tibi
1027 3104 1086 3143 non

224 3183 317 3252 venit,
338 3186 406 3259 quid
430 3187 539 3260 negotii
562 3187 600 3243 sit
620 3204 739 3244 causam
765 3186 910 3259 publicam
923 3181 1087 3243 sustinere?

224 3283 318 3338 vitam
332 3283 447 3340 alterius
460 3289 551 3341 totam
564 3283 733 3357 explicare?
752 3288 837 3358 atque
851 3303 916 3341 eam
928 3303 986 3342 non
1001 3285 1088 3343 modo

224 3380 257 3438 in
272 3376 375 3435 animis
392 3380 532 3452 judicum,
553 3383 707 3439 sedetiam
724 3382 756 3438 in
769 3383 860 3439 oculis
873 3390 1087 3457 conspectuque

223 3477 354 3537 omnium
368 3477 535 3551 exponere?
555 3479 697 3537 sociorum
717 3482 847 3548 salutem,
860 3483 1011 3540 commoda
1025 3495 1087 3551 pro·

222 3576 398 3642 vinclorum,
412 3575 472 3633 vim
493 3579 598 3650 legum,
616 3576 787 3650 gravitatem
796 3578 972 3650 judiciomm
990 3576 1088 3632 delen·

249 3732 269 3765 ¹⁵
279 3732 317 3778 sed
333 3729 422 3777 omnino
435 3730 505 3800 orariis
520 3729 597 3800 impu]
620 3728 780 3800 Deleqiomqia
797 3747 846 3778 cum
856 3730 961 3784 Graevio,
973 3727 1031 3787 quod
1046 3741 1090 3772 non

220 3796 255 3838 est
265 3792 288 3837 in
296 3791 346 3836 edd.
358 3805 392 3852 pr.
404 3793 429 3835 et
437 3789 522 3836 Victor.
533 3803 575 3835 nec
583 3803 606 3836 m
612 3791 701 3837 Asconn
710 3790 771 3838 bonu
780 3790 850 3836 libris.
877 3790 949 3836 Abest
957 3790 981 3830 et
989 3785 1037 3832 Ms-
1045 3784 1088 3831 Gn.

267 3890 337 3930 von.
359 3891 400 3929 rr.
654 3874 690 3927 15
