2700 4675
298 519 366 580 344
641 498 835 558 mvaaactt

297 656 474 724 bominibus,
514 655 660 724 bunoldi,
684 672 743 714 nco
771 651 950 727 reipublicae
983 665 1083 719 eausa,
1106 668 1168 725 per·

298 752 433 815 mismo?
447 756 513 814 Hoc
526 761 625 813 autem
638 771 706 813 cum
723 757 784 811 tute
801 752 939 818 fatebere,
950 749 1100 824 quisquam
1119 751 1169 808 du·

296 854 411 922 bitabit,
424 853 494 928 quia
507 857 537 911 tu
558 854 645 911 istam
661 852 738 925 apud
757 851 877 924 populos
895 847 1066 922 provinciae
1085 847 1168 905 istius

297 952 441 1010 iuvidiam
462 957 548 1027 atque
571 950 769 1014 offensionem,
794 964 852 1005 non
873 946 1051 1013 ambitionis,
1074 962 1168 1021 neque

297 1050 504 1107 beneficiorum
522 1050 767 1113 collocandorum,
779 1048 832 1103 sed
853 1045 997 1119 pecuniae
1010 1044 1170 1102 concilian·

297 1149 354 1206 dae
366 1164 455 1206 mma
474 1144 657 1221 susceperis?
685 1146 791 1218 ltaque
811 1143 856 1200 illi
877 1161 1014 1202 censores
1038 1144 1170 1201 lecerunt

298 1246 388 1309 idem,
397 1247 474 1320 quod
487 1246 518 1303 iu
532 1250 629 1304 nostra
640 1242 790 1318 republica
803 1246 899 1302 solent
912 1242 943 1310 ii,
956 1242 1004 1316 qui
1018 1260 1070 1315 per
1082 1240 1169 1313 largi·

298 1344 411 1402 fiunem
432 1344 614 1418 magistratus
637 1343 737 1417 adepti
758 1349 841 1401 sunt:
874 1342 1012 1399 dederuut
1038 1355 1165 1411 operam,

297 1440 360 1499 ‘ut
373 1442 415 1500 ita
434 1448 606 1515 potestatem
620 1450 761 1516 gererent,
776 1447 807 1499 ut
824 1441 905 1498 illam
922 1440 1056 1495 lacunam
1069 1438 1112 1494 rei
1126 1436 1167 1496 la·

297 1540 419 1597 miliaria
433 1543 595 1613 explerent.
638 1539 691 1598 Sic
714 1556 817 1598 census
841 1538 956 1596 babitus
977 1544 1030 1603 est,
1044 1545 1073 1593 te
1086 1554 1166 1609 prae·

296 1640 367 1702 tore,
381 1641 412 1693 ut
426 1654 462 1692 eo
479 1654 571 1693 ceusu
591 1638 698 1699 nullius
711 1638 841 1695 civitatis
858 1635 1047 1709 ⁶¹respublica
1068 1637 1166 1706 posset

297 1732 501 1790 administrari.
523 1751 590 1790 uam
611 1735 832 1808 locupletissimi
845 1734 980 1809 cujusque
997 1749 1103 1790 census
1117 1749 1167 1788 ex·

297 1834 460 1897 tenuaraut,
474 1831 636 1890 tenuissimi
656 1831 838 1891 ”auxerant
880 1834 980 1905 ltaque
999 1829 1032 1888 ia
1053 1830 1166 1887 tributis

297 1928 474 2001 imperandis
489 1936 600 1987 tautum
621 1931 717 1988 oneris
739 1931 817 2004 plebi
837 1930 1046 2003 imponebatur,
1059 1935 1100 1995 ut,
1114 1928 1166 1985 eti·

170 2045 194 2054 ·’
223 2043 247 2062 *-
297 2027 371 2084 amsi
385 2028 519 2085 homines
533 2034 728 2094 tacerent‚res
741 2029 895 2101 ipsaillum
905 2044 1027 2085 censam
1038 2026 1164 2101 repudia·

245 2121 286 2181 56
298 2132 359 2182 ret:
379 2127 410 2184 id
423 2130 498 2200 quod
512 2128 638 2200 intelligi
658 2129 798 2186 facillime
820 2146 850 2185 re
864 2128 928 2201 ipsa
941 2133 1046 2201 potest.
1086 2129 1164 2183 Nam

296 2224 333 2282 L.
345 2223 492 2291 Metellus,
505 2224 563 2297 qui,
574 2233 760 2300 posteaquam
782 2244 837 2301 ego
851 2226 1015 2300 inquirendi
1031 2235 1117 2283 musa
1130 2225 1161 2282 in

211 2317 215 2322 ’
297 2321 432 2382 Siciliam
458 2322 537 2389 veni,
560 2329 679 2397 repente
707 2325 809 2384 Letilil
829 2327 969 2395 adventu,
995 2323 1076 2382 istius
1102 2340 1161 2380 non

296 2424 383 2481 modo
404 2423 523 2491 amicus,
547 2441 647 2482 verum
668 2425 757 2482 etiam
777 2430 916 2499 cognatus
936 2425 1028 2481 lactus
1045 2427 1108 2491 cst;
1127 2423 1161 2490 is,

295 2523 372 2596 quod
397 2522 516 2581 videbat
537 2523 619 2580 istius
643 2540 764 2580 censum
777 2529 852 2580 stare
873 2526 954 2580 nullo
973 2523 1059 2580 modo
1072 2538 1163 2595 posse,

295 2637 362 2676 eum
375 2637 497 2679 censum
509 2622 657 2679 observari
664 2622 761 2694 jussit,
770 2621 818 2695 qui
834 2621 897 2678 viro
910 2621 1068 2679 fortissimo
1080 2627 1164 2694 atque

295 2715 537 2777 innocentissimo
549 2721 619 2777 Sex.
635 2721 789 2776 Peducaeo
803 2725 933 2792 praetore
951 2719 1066 2776 habitus
1079 2723 1164 2776 esset.

295 2820 379 2873 erant
392 2817 472 2875 enim
493 2823 554 2876 tum
574 2835 708 2875 censores
722 2818 834 2892 legibus
847 2817 927 2885 lacti,
940 2818 1050 2876 delecti
1069 2837 1087 2875 a
1106 2817 1163 2875 suis

294 2985 411 3041 diffinitatis
421 3006 496 3039 caussa
506 2992 569 3038 datos
576 3006 635 3038 asse:
652 2996 676 3038 et
686 2995 760 3037 tamen
769 3005 796 3036 ex
805 2991 848 3036 boc
857 2989 947 3048 colligit,
958 3006 1003 3038 uon
1011 2991 1164 3038 beneficiomm

295 3043 475 3111 collocandorum
490 3065 573 3104 canusa,
590 3052 628 3096 sed
646 3049 751 3111 muriae
759 3049 910 3096 conciliandae
919 3050 1004 3095 fecisse.
1037 3050 1165 3111 Nempeaic

294 3104 588 3170 ratrqemetpr;atcu1ntu
605 3109 646 3153 tibi
663 3124 691 3154 ea
709 3123 735 3154 re
749 3113 835 3155 tautum
852 3108 950 3154 invidiae
965 3109 1107 3163 oonttaxtris,
1118 3108 1165 3170 ‘1⁰1¹

294 3168 338 3200 non
348 3158 465 3216 rutelhgat,
477 3162 513 3220 qui
530 3170 553 3207 te
567 3165 636 3217 novit,
648 3180 676 3209 ac.
689 3170 713 3211 te
722 3181 765 3213 non
779 3166 847 3225 gratis
856 3180 905 3212 eam
916 3165 1022 3213 invidiam
1032 3166 1131 3224 subiisse,
1141 3170 1164 3213 et

294 3211 388 3259 honores
397 3231 441 3262 uon
451 3222 497 3263 tam
507 3219 612 3275 beneficii,
623 3236 689 3280 quam
696 3231 881 3282 quaestuscaussa
892 3223 985 3271 dedisse.
1159 3270 1162 3276 .

293 3288 345 3395 ὦ·
359 3296 385 3337 ut
397 3292 461 3400 itaee
469 3310 492 3352 g.
505 3297 549 3356 ut]
579 3296 657 3344 Habet
666 3299 709 3344 hoc
718 3307 788 3371 utut
797 3303 882 3364 aliquid
890 3302 942 3350 duri
952 3323 957 3348 ε
975 3309 999 3349 et
1009 3310 1100 3377 poterat
1109 3303 1163 3350 illud

340 3385 344 3394 .
352 3365 374 3406 p.
383 3366 407 3408 g.
418 3366 432 3396 a
462 3367 495 3399 sse
504 3354 567 3400 salvo
576 3370 645 3413 sensu,
656 3359 694 3403 sed
704 3360 791 3405 addrdrt
799 3366 823 3406 et
832 3366 997 3423 perspicuitatis
1005 3377 1164 3422 maromcat»

293 3422 324 3465 sa,
337 3415 360 3454 et
370 3416 394 3455 ut
404 3423 538 3472 consequeus
548 3414 634 3473 periodi
643 3417 737 3476 aequale
742 3424 801 3465 esset
810 3419 959 3467 antecedenti.
1026 3472 1028 3479 ,

321 3486 342 3518 ⁰¹
357 3501 412 3544 resp.
423 3487 587 3552 administram]
603 3508 623 3539 v.
635 3493 699 3540 Clav.
712 3494 797 3554 inresp.
874 3495 876 3500 ’

322 3563 347 3596 ⁶²
360 3567 490 3628 curuum]
520 3568 629 3617 Graevius
638 3574 722 3634 recepit
730 3575 936 3624 laeseraateMss.
945 3577 1039 3632 duobus,
1057 3583 1082 3626 et
1096 3579 1164 3626 idve

292 3634 408 3691 rumtesse
427 3627 595 3687 esequcutibus
614 3630 708 3690 intelligi
726 3632 785 3679 dicit.
817 3635 862 3681 Sed
877 3636 972 3696 priorum
995 3637 1036 3683 hic
1055 3638 1164 3684 amicust·

292 3686 440 3749 requiruntur,
448 3687 508 3744 spru(l
514 3691 564 3731 aaut
574 3692 726 3748 saltauerunt,
736 3701 863 3739 amnui.-
879 3693 960 3741 doinde
970 3709 1016 3741 uon
1025 3696 1083 3742 dicit
1090 3701 1163 3743 tenua

285 3747 332 3781 uua
339 3751 445 3798 amasse,
455 3743 753 3809 sedsolvueuonpctuisse,
762 3750 822 3811 quod
837 3752 1161 3804 :mundonem
