2700 4675
432 574 497 625 sao
511 573 579 624 sun
595 571 712 624 aosom
726 572 887 623 nunamo.
1059 573 1099 636 ῃ

271 723 363 780 Estoz
398 738 515 780 oausam
536 720 660 796 proferre
694 738 753 777 uon
784 725 876 793 potes.
910 716 1025 776 tametsi
1047 722 1151 787 sta-21

231 817 286 876 tim
311 820 421 877 vicisse
446 822 549 887 debeq
567 823 666 875 tamen
684 820 722 874 de
748 834 815 874 meo
832 816 897 889 jure
910 816 1060 883 decedam,
1072 819 1103 874 et

235 916 299 984 tibi,
312 918 390 991 quod
402 916 434 974 in
458 916 517 974 alia
530 932 619 974 causa
632 931 691 974 non
708 916 909 982 concederem,
922 914 955 972 in
967 914 1024 972 hac
1036 931 1103 972 con·

232 1016 346 1079 cedam,
359 1015 447 1073 fretus
469 1014 554 1088 hujus
578 1012 756 1072 innocentia.
798 1013 828 1071 N
829 1029 867 1071 on
879 1029 985 1089 quaero
998 1013 1050 1070 aba
1063 1017 1103 1082 te,

233 1129 322 1187 quare
335 1117 446 1186 patrem
461 1096 530 1171 Sex.
546 1109 668 1172 Roscius
682 1112 842 1171 occiderit:
863 1130 978 1188 quaero,
988 1130 1103 1188 quomo·

235 1210 274 1267 do
286 1210 434 1269 occiderit
475 1213 522 1269 Ita
542 1228 648 1288 quaero
672 1213 723 1270 aba
736 1217 776 1281 te,
790 1212 827 1269 0.
838 1211 936 1280 Eruci,
949 1213 1103 1286 quomodo,

235 1312 265 1366 et
285 1299 328 1367 sic
348 1315 443 1368 tecum
456 1327 550 1385 agaim
564 1310 640 1368 utin
651 1327 690 1367 eo
702 1312 769 1369 ioco
782 1311 832 1366 vet
845 1311 1039 1383 respondendi
1051 1311 1103 1370 vel

232 1405 435 1482 interpellandi
444 1409 499 1466 tibi
508 1412 683 1483 potestatem
696 1408 813 1473 faciam,
824 1409 873 1464 vet
887 1408 987 1474 etiam,
996 1408 1022 1465 si
1034 1409 1102 1483 quid

230 1509 324 1574 voles,
337 1506 543 1583 interrogandi.
584 1507 737 1579 Quomodo
757 1502 894 1563 occidit?
913 1504 976 1579 ipse
989 1523 1102 1579 percus·

230 1604 278 1673 sit,
289 1621 328 1662 an
341 1603 407 1661 aliis
428 1604 621 1663 occidendum
642 1600 748 1663 dedit?
772 1603 806 1662 Si
819 1603 913 1679 ipsum
926 1604 1030 1678 arguis,
1044 1605 1101 1662 Ro-

229 1705 295 1761 m'aa
308 1703 446 1761 nonfuit:
467 1703 493 1760 si
507 1720 558 1777 per
567 1703 640 1761 alios
653 1701 757 1760 iecisse
770 1702 853 1771 dicis,
864 1719 979 1777 quaero,
990 1720 1100 1761 servos·

230 1818 278 1868 ne,
300 1818 338 1858 au
360 1799 491 1859 liberos?
513 1819 584 1877 quos
606 1799 759 1859 homines?
780 1802 954 1859 Indidemne
970 1802 1100 1868 Ameria,

231 1915 270 1955 an
283 1899 372 1956 hosce
386 1916 426 1957 ex
436 1901 506 1955 urbe
519 1897 661 1957 sicarios?
683 1899 717 1956 Si
733 1899 871 1956 Ameria:
890 1899 939 1972 qui
959 1904 1026 1957 sunt
1042 1896 1100 1956 hi?

231 2012 285 2053 our
307 2012 366 2051 non
390 1992 597 2053 nominantur?
618 1994 652 2052 Si
675 1996 787 2052 Romae
808 1996 885 2052 unde
905 2013 956 2052 eos
976 2002 1100 2053 noverat

231 2091 365 2158 Roscius,
388 2093 436 2166 qui
461 2092 583 2149 Romam
597 2092 693 2152 multis
715 2092 799 2150 annia
813 2109 872 2150 non
891 2092 985 2159 venit,
1005 2110 1099 2167 neque

231 2207 365 2264 umquam
381 2192 444 2263 ptus
464 2190 558 2248 triduo
571 2191 624 2248 suit
638 2188 654 2250 ?¹
670 2192 718 2249 ubi
732 2209 782 2250 eos
795 2191 937 2249 convenit
952 2188 964 2250 ?
983 2190 1099 2264 quicum

228 2291 341 2348 locutus
352 2294 396 2348 est
411 2286 424 2349 ?
442 2291 584 2366 quomodo
598 2288 763 2365 persuasit?
783 2290 912 2350 Pretium
925 2287 1030 2348 dedit?
1049 2289 1099 2350 cui

230 2386 334 2446 dedit?
353 2407 504 2463 perquem
522 2387 626 2447 dedit?
644 2388 759 2456 ⁴“unda
772 2395 822 2446 aut
841 2394 979 2463 quantum
992 2390 1073 2445 dedit
1086 2387 1099 2447 ?

230 2504 333 2545 uoune.
342 2487 388 2542 his
401 2486 534 2559 vestigiis
547 2487 584 2542 ad
597 2491 683 2557 caput
694 2486 832 2542 maleficii
843 2485 992 2557 perveniri
1004 2483 1100 2543 solet?

230 2589 262 2642 et
275 2584 360 2640 simul
375 2582 428 2639 tibi
439 2582 470 2639 in
485 2587 612 2639 mentem
630 2582 741 2649 veniat,
754 2582 852 2650 tacito,
861 2583 1100 2657 quemadmodum

233 2679 327 2736 vitam
338 2680 458 2753 hujusce
471 2679 654 2753 depinxeris:
670 2681 745 2738 huno
756 2681 903 2740 hominem
913 2682 1004 2740 serum
1012 2687 1099 2758 atque

230 2785 373 2854 agrestem
387 2779 491 2837 fuisse:
512 2796 666 2852 numquam
679 2797 745 2837 oum
759 2781 876 2838 homine
886 2798 1026 2855 quoquam
1039 2783 1099 2839 col·

227 2882 355 2938 locutum
380 2895 461 2935 esse:
483 2894 637 2951 numquam
651 2878 683 2935 in
696 2879 803 2952 oppido
816 2879 990 2936 constitisse.
1031 2881 1098 2953 Qua

227 2978 259 3036 in
274 2996 304 3034 re
315 2982 464 3052 praetereo
476 2977 557 3044 iilud,
566 2978 640 3050 quod
651 2976 724 3035 mihi
738 2975 866 3034 maximo
878 2984 1047 3050 argumento
1059 2980 1098 3036 ad

225 3078 310 3152 hujus
324 3076 523 3134 innocentiam
537 3061 648 3148 poterat
661 3093 735 3143 esse,
748 3077 779 3133 in
788 3075 906 3132 rusticis·
916 3077 1049 3146 moribus,
1063 3078 1096 3136 iu

226 3175 308 3234 victu
327 3175 416 3241 arido,
436 3174 466 3231 in
483 3175 538 3230 hac
553 3174 665 3240 horrida
679 3174 843 3248 incultaque
859 3174 921 3230 vita
933 3175 1096 3233 istiusmodi

226 3272 371 3329 maleficia
393 3271 474 3345 gigni
496 3289 555 3329 non
570 3275 671 3328 sotere.
712 3267 755 3329 Ut
768 3289 827 3329 uon
841 3289 956 3330 omnem
970 3274 1092 3348 frugem,

226 3386 320 3441 neque
333 3372 462 3426 arborem
475 3368 508 3426 iu
520 3357 600 3426 omni
620 3387 689 3443 agm
702 3370 826 3442 reperire
840 3371 930 3443 possis
945 3392 952 3427 ε
973 3371 1015 3430 sic
1031 3390 1093 3429 uon·

224 3483 312 3522 omne
322 3466 474 3523 facinusiu
486 3467 566 3523 omni
580 3467 643 3525 vita
654 3457 791 3524 nascitur,
832 3469 868 3525 lu
877 3472 946 3526 urhe
961 3461 1090 3527 luxuries

226 3567 360 3621 creatur:
381 3580 420 3620 ex
433 3565 546 3622 luxuria
560 3565 682 3622 exsistat
694 3566 817 3624 avaritia
830 3585 951 3625 necesse
965 3575 1010 3624 eat
1024 3586 1031 3620 ε
1053 3583 1092 3623 ex

255 3716 277 3750 ⁴⁸
291 3717 360 3772 oum,
371 3721 410 3762 out
420 3721 527 3775 quntum
536 3716 613 3776 dedu]
646 3717 719 3776 Unde,
728 3719 743 3766 i.
753 3735 773 3766 e.
785 3735 799 3765 a
813 3734 864 3781 quo,
881 3717 979 3781 pertinet
994 3719 1023 3764 ad
1033 3720 1091 3768 solu-

219 3776 307 3822 tionem
316 3790 356 3836 per
365 3774 442 3833 alium,
453 3789 510 3837 quae
520 3780 544 3825 et
551 3776 822 3841 pereuntuuonemper
831 3777 961 3838 scripturam
967 3774 1054 3827 dicitu.
1067 3795 1088 3828 u

221 3834 288 3883 clav.
298 3833 321 3880 iu
331 3834 398 3882 uam.

260 3913 332 3954 von.
355 3913 398 3955 ru.
639 3895 696 3953 o*
