2700 4675
328 492 394 556 82⁴
671 487 706 536 iti
720 478 866 536 VERREM

329 635 493 709 ponendam
528 634 644 709 putavit
671 634 786 693 libidini
812 650 901 691 struet
933 647 1022 691 mane
1060 632 1200 690 Kalendis

331 735 485 791 Decembr.
506 739 539 791 ut
566 734 709 802 edixerat,
733 733 887 791 Sthenium
910 731 997 789 citari
1018 732 1116 805 jubet.
1168 729 1200 787 Si

328 835 380 890 ahs
394 838 423 890 te
436 834 523 890 istam
544 851 605 890 rem
625 851 728 906 parens
748 838 813 889 tuus
834 831 958 903 aiicujus
977 830 1068 887 amioi
1090 834 1198 903 rogatu,

329 931 510 1004 benignitate
538 936 588 989 aut
613 932 775 988 ambitione
801 930 937 987 indamus
964 930 1105 1002 petisset,
1138 944 1199 1001 gra·

327 1027 448 1086 sissima
471 1034 570 1086 nmen
598 1031 673 1102 apud
701 1036 730 1085 te
752 1031 888 1085 voluntas
911 1026 1002 1101 patris
1023 1043 1089 1084 esse
1112 1027 1198 1082 debs-

324 1126 412 1184 mset:
446 1143 514 1184 eum
537 1144 609 1183 vero
634 1129 686 1184 ahs
712 1131 744 1183 te
771 1127 815 1183 tui
834 1126 941 1198 eapitis
960 1142 1050 1181 eausa
1077 1129 1195 1199 peterat,

327 1221 515 1300 hominesque
528 1231 623 1283 oertos
645 1227 733 1288 domo
756 1224 893 1292 misisset,
917 1224 1003 1298 hique
1016 1241 1053 1280 eo
1067 1228 1195 1295 temporo

327 1325 365 1381 ad
379 1330 408 1381 te
423 1325 584 1393 venissent,
597 1342 664 1382 eum
683 1324 740 1381 tibi
753 1324 784 1380 in
797 1324 914 1397 integro
926 1327 986 1379 tota
998 1338 1043 1378 res
1057 1325 1143 1388 esset,
1157 1337 1196 1377 ns

325 1427 388 1480 mm
400 1422 517 1497 quidem
529 1429 558 1480 te
572 1423 674 1497 potuit,
687 1423 713 1479 si
732 1438 792 1479 non
805 1420 933 1494 pietatis,
945 1426 976 1477 at
1001 1420 1104 1477 salutis
1128 1423 1195 1476 tusa

324 1521 400 1576 ratio
412 1522 451 1577 ad
463 1522 591 1579 officium
604 1521 815 1594 sanitatemque
829 1521 967 1577 reducere
978 1516 991 1576 i
1010 1518 1094 1575 citat
1106 1533 1192 1574 reum

325 1634 384 1673 non
399 1619 561 1689 respondet.
576 1617 649 1674 citat
662 1622 881 1675 aecusatorem:
900 1615 922 1648 ¹⁶
932 1614 1098 1693 (attendite,
1111 1631 1194 1689 qaae·

324 1732 365 1781 so,
373 1713 506 1788 judiees:
527 1715 638 1782 videte,
651 1721 829 1790 quantopere
843 1715 927 1773 istius
950 1714 1097 1772 amentiae
1110 1715 1192 1771 sorta·

324 1830 363 1871 ns
377 1814 441 1886 ipsa
454 1815 608 1870 adversata
628 1813 683 1870 sit:
703 1818 734 1870 et
759 1814 845 1871 simui
859 1816 969 1882 videte,
990 1813 1053 1887 quis
1077 1809 1192 1870 Sthenii

324 1929 442 1970 eausam
455 1930 539 1969 nasus
553 1911 699 1985 adjuverit
708 1908 731 1989 ι)
750 1911 857 1969 oitatus
877 1916 1037 1978 aecusator,
1051 1910 1095 1967 Μ.
1110 1909 1193 1968 Psoi·

323 2010 388 2075 iius,
402 2012 572 2084 nescioquo
585 2028 665 2078 oasu,
686 2028 744 2067 non
767 2011 925 2083 respondit,
945 2028 1004 2067 aon
1025 2009 1116 2067 affuit.
1149 2006 1191 2065 -Si

294 2110 296 2113 ’
319 2125 459 2180 praesens
474 2108 613 2165 Sthenius
633 2126 698 2165 reus
720 2115 796 2166 esset
810 2110 917 2166 faetus:
941 2110 968 2165 si
992 2106 1188 2165 manifestoin

322 2205 466 2261 maleficio
487 2210 650 2274 teneretur3
671 2213 780 2274 tamen,
794 2226 861 2264 oum
874 2213 1026 2264 aecusator
1040 2224 1098 2264 non
1112 2208 1189 2263 ades·

321 2308 375 2372 set,
389 2303 544 2362 Sthenium
556 2305 744 2362 condemnari
755 2324 813 2363 non
827 2311 981 2380 oporteret.
1024 2304 1151 2374 Etenim,
1163 2302 1188 2362 si

315 2409 420 2477 *posset
433 2421 507 2471 reus,
521 2405 641 2459 ahsente
664 2409 844 2473 accusatore,
867 2404 1009 2472 damnari,
1027 2422 1086 2461 non
1108 2418 1187 2478 egos

320 2501 439 2559 Vibone
453 2502 571 2559 Veliam
587 2504 707 2574 parvulo
731 2502 851 2576 navigio
864 2502 941 2560 inter
953 2502 1140 2576 fugitivorum
1152 2516 1187 2559 ao

320 2602 504 2672 praedonum,
518 2617 553 2656 ao
568 2605 617 2657 tua
631 2602 691 2657 tela
705 2601 860 2668 venissem,
873 2618 930 2675 quo
951 2606 1082 2674 tempore
1096 2601 1185 2659 annis

318 2697 370 2755 ilia
383 2715 449 2755 mea
461 2699 608 2756 festinatio
622 2700 676 2756 snit
696 2717 763 2756 oum
786 2700 915 2772 periculo
935 2700 1048 2772 eapitis
1064 2703 1103 2758 oh
1123 2715 1184 2757 mm

318 2814 444 2865 oausam,
459 2815 495 2854 ne
509 2804 540 2855 tu
550 2816 589 2855 ex
603 2799 660 2854 reis
674 2779 843 2865 eximerere,
860 2798 887 2854 si
900 2815 956 2870 ego
968 2815 1030 2855 non
1043 2798 1184 2856 affmaen

317 2896 355 2951 ad
368 2897 454 2953 diem
498 2897 582 2969 Quod
596 2896 683 2970 igitur
697 2896 750 2953 tihi
771 2902 833 2953 erat
852 2896 884 2952 in
905 2901 956 2952 tuo
971 2896 1090 2969 judioio
1110 2902 1184 2971 opta·

316 2991 467 3060 tissimum,
489 3011 545 3060 me,
558 3012 626 3051 oum
649 2996 755 3052 citatus
779 3011 882 3062 essem,
907 3013 969 3052 non
994 2996 1117 3053 adesse:
1135 3009 1183 3052 our

314 3157 431 3204 sectionem
441 3160 548 3227 orationis
555 3162 681 3220 Tullianae,
692 3171 716 3211 et
728 3167 905 3221 concinnitatem,
915 3181 982 3227 quam
992 3167 1037 3214 hoe
1046 3165 1183 3231 loeoquad·

314 3222 360 3262 tam
370 3231 417 3262 esse
424 3232 439 3262 a
448 3218 563 3274 Cicerone,
575 3220 664 3279 planum
675 3229 716 3269 est.
748 3227 872 3281 Praeoedit,
881 3241 950 3284 neque
964 3226 992 3272 isa
1006 3241 1030 3273 eo
1043 3252 1054 3262 ·
1068 3253 1080 3265 ·
1093 3224 1182 3274 uden-

314 3275 461 3331 iutempstre's,
472 3278 604 3336 respondere
613 3278 633 3324 ei
643 3280 711 3327 debet
720 3286 796 3332 necin
814 3300 837 3330 ao
846 3287 992 3331 solemnem
1007 3286 1049 3332 sed
1068 3287 1099 3332 ad
1113 3286 1136 3333 id
1150 3297 1183 3331 η’

313 3334 409 3396 quiritur
423 3333 499 3380 similis
513 3337 628 3393 genitivus.
648 3344 695 3386 tum
711 3343 817 3390 excidisse
831 3344 906 3397 eredo,
922 3343 1096 3405 addendumque
1109 3343 1181 3390 aad&

311 3408 380 3462 rum?
396 3397 424 3496 a}
429 3396 480 3454 post
489 3401 523 3439 est
540 3397 641 3444 uoluntas
655 3402 733 3455 puina
749 3402 782 3448 ita
798 3402 901 3462 explemr
913 3402 988 3448 oratio
1003 3406 1028 3448 et
1042 3412 1180 3451 conservam

311 3466 413 3497 concrum
425 3467 455 3497 as.

341 3511 361 3542 ¹⁶
376 3509 480 3557 anemio
489 3512 625 3574 quanm]
656 3517 716 3563 Edd.
742 3534 761 3564 r.
778 3533 822 3565 non
840 3517 1043 3577 habentjuda‘ca:
1074 3521 1180 3569 uodooe*

312 3568 379 3613 mode
396 3569 473 3616 abesse
481 3584 524 3615 non
534 3576 613 3632 potest.
635 3578 683 3622 tum
702 3577 726 3622 oi
790 3576 939 3638 primumnon
949 3577 1040 3626 eratin
1082 3583 1180 3626 avete·

307 3627 418 3684 quodam:
434 3629 493 3688 qnod
502 3628 578 3689 piacet
587 3630 700 3679 Grutero:
716 3650 796 3695 nempe
805 3636 857 3695 qaia
873 3639 925 3696 post
939 3641 982 3694 est,
997 3643 1018 3684 ot
1027 3638 1098 3687 nunni
1106 3636 1177 3690 adas.

175 3688 205 3893 y
309 3683 348 3730 sed
358 3689 433 3731 tamen
441 3691 465 3734 et
473 3703 492 3736 ο,
503 3691 539 3735 43.
552 3687 586 3736 bis
595 3693 630 3736 est
639 3692 710 3740 vidae
719 3695 797 3740 eodem
807 3693 882 3740 modo.
