2700 4675
464 572 535 622 ΑῦΤ.
551 572 581 621 u.
606 570 704 620 umus
717 568 849 619 PRIMUS.
1028 571 1091 630 289

225 738 289 779 rum
309 724 395 794 atque
414 735 540 792 pompae
555 718 696 793 ejusmodi
710 715 844 789 exegisti,
857 717 890 771 ut
908 717 939 770 tu
959 712 1022 787 ipse
1041 713 1094 770 'dli

223 820 267 877 ire
291 837 350 876 nou
373 819 489 876 audeas.
532 818 581 874 Te
598 822 681 889 putet
699 815 857 889 quisquam,
871 829 938 869 eum
956 814 993 868 ab
1007 812 1095 870 ltalia

224 918 298 975 freto
321 917 483 991 disjunctus
504 931 592 981 esses,
605 915 692 972 soeiis
713 908 908 985 temperasse?
929 910 979 985 qui
991 912 1094 968 aedem

225 1015 365 1082 Castoris,
380 1019 485 1071 testem
497 1013 634 1072 furtorum
648 1017 760 1070 tuarum
770 1029 834 1068 esse
845 1009 987 1067 volueris:
1007 1026 1093 1083 quam

224 1115 347 1186 popsdus
361 1112 508 1170 Romanus
518 1111 654 1185 quotidie,
661 1110 779 1184 judiees
793 1109 965 1177 etiamtum,
979 1126 1046 1168 eum
1055 1111 1093 1168 de

226 1216 258 1268 te
271 1210 447 1268 senteutiam
464 1207 608 1277 ”ferrent
621 1206 777 1267 viderent?

267 1310 366 1383 Atque
385 1308 475 1366 etiam
488 1308 633 1381 judicium
646 1309 678 1366 iu
693 1312 825 1381 praetura
845 1308 993 1379 pubiicum
1013 1326 1094 1366 exer·
1104 1301 1146 1362 60

224 1407 296 1465 uuit.
309 1424 369 1464 non
382 1405 462 1464 euim
475 1407 715 1480 praetereundum
728 1409 773 1462 est
786 1422 824 1462 ne
837 1404 868 1461 id
881 1406 1006 1479 quidem.
1041 1406 1095 1463 Pe·

225 1505 281 1566 tia
302 1506 395 1564 multa
416 1510 462 1561 est
483 1506 559 1577 apud
579 1504 667 1562 istum
691 1508 852 1577 praetorem
873 1520 892 1559 a
906 1504 942 1576 Q.
958 1503 1094 1577 Opimia:

224 1602 274 1678 qui
286 1604 427 1660 adductus
447 1606 493 1659 est
512 1602 544 1659 in
557 1601 712 1675 judicium,
727 1604 825 1670 verbo,
840 1604 925 1677 quod,
938 1620 1006 1660 eum
1016 1608 1094 1662 esset
1208 1581 1211 1588 Ι

224 1700 470 1775 tribunusplebis,
489 1698 731 1759 ”intercessisset
754 1708 856 1759 eontra
877 1704 972 1775 legem
986 1703 1095 1762 Corne·

224 1798 311 1858 liam:
331 1817 372 1866 re,
390 1800 466 1872 quod
479 1798 510 1856 in
534 1799 681 1858 tribunatu
701 1800 826 1858 dixisset
848 1806 950 1858 eontm
973 1802 1095 1876 aiicujus

225 1900 361 1968 hominis,
375 1899 481 1958 nobilis
496 1901 686 1956 voluntatem.
717 1901 765 1955 De
779 1899 959 1972 quojudieio
971 1899 1096 1959 sivelim

223 1999 324 2059 disere
346 1997 454 2063 omnia,
472 1993 493 2027 ⁷¹
505 1994 591 2051 multi
611 1995 778 2067 appellandi
800 1996 991 2069 laedendique
1014 1998 1094 2054 sint:

223 2093 395 2172 quodmihi
418 2109 477 2149 unu
504 2097 549 2148 est
572 2109 704 2149 neeesse.
732 2097 844 2152 tautum
867 2094 973 2162 dicam,
986 2112 1096 2168 pauens

223 2192 360 2260 homiues
377 2196 409 2248 ut
419 2190 567 2248 levissime
581 2190 688 2259 dieam,
701 2197 875 2266 arrogantes,
885 2194 942 2251 hoe
956 2195 1095 2267 miiutore,

226 2294 264 2368 Q.
280 2292 428 2368 Opimium
448 2308 500 2366 per
522 2292 620 2351 iudum
640 2296 671 2349 et
691 2292 793 2366 josum
815 2292 937 2352 fortunis
960 2295 1094 2355 omnibus

224 2393 376 2451 evertisse.
1012 2452 1016 2459 ,

265 2490 297 2547 Is
309 2490 382 2548 mihi
394 2489 484 2547 etiam
494 2487 630 2562 queritur,
638 2490 714 2561 quod
724 2506 742 2545 a
752 2488 845 2555 nabis,
857 2507 889 2546 rx
903 2487 972 2546 solis
983 2490 1094 2561 diebus,

223 2589 319 2665 prima
332 2588 411 2645 aetio
423 2586 469 2643 sui
478 2584 583 2658 judieii
597 2590 742 2643 transacta
755 2587 812 2644 sit:
832 2604 898 2644 eum
911 2589 987 2660 apud
999 2587 1094 2660 ipsum

223 2687 316 2746 tribus
330 2685 408 2741 horis
423 2684 460 2754 Q.
471 2682 613 2754 Opimius,
626 2692 742 2740 senator
755 2685 853 2756 populi
865 2685 999 2754 Romani,
1009 2689 1093 2757 bona,

223 2786 363 2863 fortunas,¹
380 2780 402 2815 '¹²
412 2785 583 2839 ornamenta
596 2780 696 2838 omnia
708 2781 858 2841 amiserit?
875 2785 958 2858 enjus
978 2791 1094 2858 propter

253 2938 392 2998 ⁰⁰serrant]
421 2935 530 2984 Graevius
540 2934 727 2993 mallet:serent.

254 3017 278 3053 ⁷⁰
289 3018 460 3078 intumuisset]
491 3014 542 3062 Hoc
551 3014 638 3062 restitui
648 3030 676 3061 ex
685 3015 736 3061 edd.
747 3018 802 3060 vett.
814 3028 856 3075 pro
863 3014 956 3073 vulgate
965 3016 1092 3077 ἱπίιτιωὶι,

224 3078 284 3148 quod
293 3079 363 3125 forms
372 3076 478 3125 orationis
489 3088 534 3121 uon
550 3073 601 3121 fert
632 3074 716 3122 eoam
731 3077 801 3132 legem
815 3073 949 3131 Corneliam
966 3090 1010 3138 quo
1025 3080 1092 3126 modo

224 3134 391 3193 intelligendum
401 3135 436 3190 sit,
451 3149 473 3180 v.
488 3130 511 3179 in
528 3133 576 3179 iud.
654 3169 658 3179 .
671 3132 699 3180 L.
711 3132 816 3180 Cornelia
825 3133 951 3181 tribunitia.
981 3134 1052 3182 Parra
1066 3153 1092 3185 re

223 3195 352 3251 antequad,
362 3194 457 3253 primam
470 3190 542 3252 reperi
555 3191 623 3239 iued.
697 3193 718 3239 b.
734 3196 795 3240 1576.
813 3194 871 3254 quod
887 3208 940 3239 saue
955 3194 1031 3242 abesse
1047 3212 1091 3244 nou

223 3255 307 3352 potes}
317 3254 419 3351 reetequf
429 3251 466 3295 vel
470 3264 502 3352 gx
510 3263 602 3353 mgffo
606 3252 707 3320 additum
716 3258 757 3298 est.
773 3250 811 3298 Sic
820 3255 844 3298 et
852 3252 924 3298 edidit
934 3253 1005 3324 Aldus
1014 3269 1090 3316 nepos,

223 3310 471 3434 trudatur
485 3312 843 3435 aarum
852 3389 858 3413 ..
868 3311 1091 3416 {nauta

224 3429 282 3494 erat:
300 3423 477 3527 e'Serapiumiurt
491 3423 554 3471 droet.
585 3423 756 3471 Caniomamnt
770 3426 854 3473 librarii
866 3428 1007 3489 praecedeuti
1022 3428 1092 3474 iater-

225 3497 299 3532 cesssss
320 3516 326 3527 .

255 3563 275 3596 ⁷¹
291 3560 359 3607 maid
372 3574 421 3617 app.
440 3561 582 3622 laedendique
596 3561 648 3609 aaut
690 3562 726 3609 Sic
740 3561 807 3619 edidi,
817 3563 928 3611 infinitate
938 3563 1038 3620 jubente,
1048 3577 1090 3621 pra

221 3621 316 3679 vulgato
325 3624 384 3674 matt,
409 3620 454 3665 uod
463 3619 567 3668 intimae
576 3635 620 3668 uon
630 3628 654 3666 tu
662 3620 718 3668 erim
727 3620 749 3667 in
758 3621 799 3667 tali
808 3628 917 3668 contextu.
927 3622 1021 3667 refertur
1030 3619 1089 3666 euim

222 3682 253 3729 ad
261 3680 282 3727 si
291 3678 363 3727 uelimv
426 3677 478 3735 iror,
489 3680 597 3727 neminem
614 3683 656 3727 hoe
670 3680 774 3728 sensisse:
789 3695 833 3728 non
848 3681 885 3727 vel
900 3679 1040 3733 Lmubinum,
1051 3678 1088 3738 qui

223 3742 248 3788 in
257 3740 300 3786 hos
309 3750 391 3797 genere
399 3736 449 3798 plus
456 3738 535 3786 ceteris
544 3738 616 3787 sensit.

250 3817 275 3852 Ἠ
288 3821 417 3863 musana
435 3816 527 3879 asaia]
554 3818 595 3866 int.
616 3818 716 3866 ordinem
735 3818 877 3874 sanatorium,
895 3813 933 3878 qui
953 3826 1087 3864 euraccum

220 3874 373 3996 ‘minxi
383 3874 429 3923 siis
437 3875 489 3924 inde
498 3876 617 3939 pendentia
625 3879 741 3974 asumptus
749 3878 867 3941 praecipua
876 3873 1006 3923 incivitate.
