<?xml version="1.0" encoding="UTF-8"?>
<!DOCTYPE html PUBLIC "-//W3C//DTD XHTML 1.0 Transitional//EN"
    "http://www.w3.org/TR/xhtml1/DTD/xhtml1-transitional.dtd">
<html xmlns="http://www.w3.org/1999/xhtml" xml:lang="en" lang="en">
 <head>
  <title>
</title>
<meta http-equiv="Content-Type" content="text/html;charset=utf-8" />
  <meta name='ocr-system' content='tesseract 3.04.00' />
  <meta name='ocr-capabilities' content='ocr_page ocr_carea ocr_par ocr_line ocrx_word'/>
</head>
<body>
  <div class='ocr_page' id='page_1' title='image "./mtvlliiciceroni04cicegoog_0130.png"; bbox 0 0 2700 4675; ppageno 0'>
   <div class='ocr_carea' id='block_1_1' title="bbox 257 502 755 574">
    <p class='ocr_par' dir='ltr' id='par_1_1' title="bbox 257 502 755 574">
     <span class='ocr_line' id='line_1_1' title="bbox 257 502 755 574; baseline 0.008 -26"><span class='ocrx_word' id='word_1_1' title='bbox 257 513 301 574; x_wconf 63' lang='lat'>,⁶</span> <span class='ocrx_word' id='word_1_2' title='bbox 630 502 755 554; x_wconf 79' lang='lat' dir='ltr'>enarre</span> 
     </span>
    </p>
   </div>
   <div class='ocr_carea' id='block_1_2' title="bbox 244 648 1135 3098">
    <p class='ocr_par' dir='ltr' id='par_1_2' title="bbox 244 648 1135 3098">
     <span class='ocr_line' id='line_1_2' title="bbox 257 648 1128 729; baseline 0.001 -17"><span class='ocrx_word' id='word_1_3' title='bbox 257 659 312 712; x_wconf 86' lang='lat' dir='ltr'>ret.</span> <span class='ocrx_word' id='word_1_4' title='bbox 353 653 543 712; x_wconf 81' lang='lat' dir='ltr'>Postulsharrt</span> <span class='ocrx_word' id='word_1_5' title='bbox 556 656 654 711; x_wconf 84' lang='lat' dir='ltr'>autem</span> <span class='ocrx_word' id='word_1_6' title='bbox 667 668 719 725; x_wconf 93' lang='lat' dir='ltr'>pro</span> <span class='ocrx_word' id='word_1_7' title='bbox 732 648 855 708; x_wconf 88' lang='lat' dir='ltr'>homine</span> <span class='ocrx_word' id='word_1_8' title='bbox 869 649 1042 712; x_wconf 82' lang='lat' dir='ltr'>miserrimo</span> <span class='ocrx_word' id='word_1_9' title='bbox 1053 658 1128 729; x_wconf 74' lang='lat' dir='ltr'>atqie</span> 
     </span>
     <span class='ocr_line' id='line_1_3' title="bbox 257 748 1127 827; baseline 0.003 -17"><span class='ocrx_word' id='word_1_10' title='bbox 257 753 468 818; x_wconf 81' lang='lat' dir='ltr'>infelicissimo,</span> <span class='ocrx_word' id='word_1_11' title='bbox 478 751 529 827; x_wconf 91' lang='lat' dir='ltr'>qui</span> <span class='ocrx_word' id='word_1_12' title='bbox 539 754 587 809; x_wconf 89' lang='lat' dir='ltr'>vel</span> <span class='ocrx_word' id='word_1_13' title='bbox 598 751 660 825; x_wconf 88' lang='lat' dir='ltr'>ipse</span> <span class='ocrx_word' id='word_1_14' title='bbox 673 766 738 806; x_wconf 81' lang='lat' dir='ltr'>sese</span> <span class='ocrx_word' id='word_1_15' title='bbox 748 748 780 805; x_wconf 91' lang='lat' dir='ltr'>in</span> <span class='ocrx_word' id='word_1_16' title='bbox 794 749 966 810; x_wconf 81' lang='lat' dir='ltr'>cruciatum</span> <span class='ocrx_word' id='word_1_17' title='bbox 979 753 1045 812; x_wconf 89' lang='lat' dir='ltr'>dari</span> <span class='ocrx_word' id='word_1_18' title='bbox 1055 770 1127 826; x_wconf 81' lang='lat' dir='ltr'>cupa·</span> 
     </span>
     <span class='ocr_line' id='line_1_4' title="bbox 256 848 1128 924; baseline -0.001 -15"><span class='ocrx_word' id='word_1_19' title='bbox 256 856 310 920; x_wconf 88' lang='lat' dir='ltr'>ret,</span> <span class='ocrx_word' id='word_1_20' title='bbox 323 854 391 909; x_wconf 92' lang='lat' dir='ltr'>dum</span> <span class='ocrx_word' id='word_1_21' title='bbox 405 854 442 908; x_wconf 89' lang='lat' dir='ltr'>de</span> <span class='ocrx_word' id='word_1_22' title='bbox 458 850 546 924; x_wconf 90' lang='lat' dir='ltr'>patris</span> <span class='ocrx_word' id='word_1_23' title='bbox 560 856 651 907; x_wconf 85' lang='lat' dir='ltr'>morte</span> <span class='ocrx_word' id='word_1_24' title='bbox 664 852 858 923; x_wconf 79' lang='lat' dir='ltr'>quaereretur.</span> <span class='ocrx_word' id='word_1_25' title='bbox 901 848 969 907; x_wconf 83' lang='lat' dir='ltr'>Res</span> <span class='ocrx_word' id='word_1_26' title='bbox 984 868 1071 924; x_wconf 87' lang='lat' dir='ltr'>porro</span> <span class='ocrx_word' id='word_1_27' title='bbox 1086 852 1128 908; x_wconf 80' lang='lat' dir='ltr'>aas</span> 
     </span>
     <span class='ocr_line' id='line_1_5' title="bbox 256 944 1129 1022; baseline 0.001 -15"><span class='ocrx_word' id='word_1_28' title='bbox 256 953 287 1007; x_wconf 86' lang='lat' dir='ltr'>te</span> <span class='ocrx_word' id='word_1_29' title='bbox 310 950 450 1022; x_wconf 70' lang='lat' dir='ltr'>ejusmodi</span> <span class='ocrx_word' id='word_1_30' title='bbox 471 950 675 1021; x_wconf 72' lang='lat' dir='ltr'>postulabatur,</span> <span class='ocrx_word' id='word_1_31' title='bbox 699 951 731 1003; x_wconf 90' lang='lat' dir='ltr'>ut</span> <span class='ocrx_word' id='word_1_32' title='bbox 752 944 826 1003; x_wconf 91' lang='lat' dir='ltr'>nihil</span> <span class='ocrx_word' id='word_1_33' title='bbox 848 945 1025 1016; x_wconf 72' lang='lat' dir='ltr'>interesset,</span> <span class='ocrx_word' id='word_1_34' title='bbox 1046 954 1129 1008; x_wconf 84' lang='lat' dir='ltr'>ulrum</span> 
     </span>
     <span class='ocr_line' id='line_1_6' title="bbox 256 1044 1128 1119; baseline 0.001 -15"><span class='ocrx_word' id='word_1_35' title='bbox 256 1065 322 1104; x_wconf 89' lang='lat' dir='ltr'>eam</span> <span class='ocrx_word' id='word_1_36' title='bbox 336 1064 396 1104; x_wconf 88' lang='lat' dir='ltr'>rem</span> <span class='ocrx_word' id='word_1_37' title='bbox 411 1063 567 1113; x_wconf 88' lang='lat' dir='ltr'>recusares,</span> <span class='ocrx_word' id='word_1_38' title='bbox 580 1064 618 1103; x_wconf 90' lang='lat' dir='ltr'>an</span> <span class='ocrx_word' id='word_1_39' title='bbox 631 1047 668 1102; x_wconf 90' lang='lat' dir='ltr'>de</span> <span class='ocrx_word' id='word_1_40' title='bbox 680 1044 823 1102; x_wconf 83' lang='lat' dir='ltr'>maleficio</span> <span class='ocrx_word' id='word_1_41' title='bbox 837 1046 1032 1105; x_wconf 82' lang='lat' dir='ltr'>confiterere.</span> <span class='ocrx_word' id='word_1_42' title='bbox 1056 1049 1128 1119; x_wconf 76' lang='lat' dir='ltr'>Qum</span> 
     </span>
     <span class='ocr_line' id='line_1_7' title="bbox 254 1144 1128 1218; baseline 0.003 -16"><span class='ocrx_word' id='word_1_43' title='bbox 254 1161 323 1202; x_wconf 86' lang='lat' dir='ltr'>cum</span> <span class='ocrx_word' id='word_1_44' title='bbox 332 1144 375 1200; x_wconf 85' lang='lat' dir='ltr'>ita</span> <span class='ocrx_word' id='word_1_45' title='bbox 387 1144 456 1211; x_wconf 90' lang='lat' dir='ltr'>sint,</span> <span class='ocrx_word' id='word_1_46' title='bbox 466 1162 573 1218; x_wconf 90' lang='lat' dir='ltr'>quaero</span> <span class='ocrx_word' id='word_1_47' title='bbox 584 1145 634 1201; x_wconf 88' lang='lat' dir='ltr'>ahs</span> <span class='ocrx_word' id='word_1_48' title='bbox 649 1150 689 1212; x_wconf 86' lang='lat' dir='ltr'>te,</span> <span class='ocrx_word' id='word_1_49' title='bbox 699 1160 784 1218; x_wconf 91' lang='lat' dir='ltr'>quam</span> <span class='ocrx_word' id='word_1_50' title='bbox 793 1145 832 1200; x_wconf 86' lang='lat' dir='ltr'>ob</span> <span class='ocrx_word' id='word_1_51' title='bbox 844 1160 971 1202; x_wconf 72' lang='lat' dir='ltr'>caumm</span> <span class='ocrx_word' id='word_1_52' title='bbox 985 1145 1128 1205; x_wconf 75' lang='lat' dir='ltr'>recusarit·</span> 
     </span>
     <span class='ocr_line' id='line_1_8' title="bbox 255 1242 1128 1304; baseline 0 -2"><span class='ocrx_word' id='word_1_53' title='bbox 255 1243 332 1302; x_wconf 80' lang='lat' dir='ltr'>(lum</span> <span class='ocrx_word' id='word_1_54' title='bbox 345 1243 488 1302; x_wconf 74' lang='lat' dir='ltr'>occidimr</span> <span class='ocrx_word' id='word_1_55' title='bbox 503 1244 572 1301; x_wconf 85' lang='lat' dir='ltr'>Sex.</span> <span class='ocrx_word' id='word_1_56' title='bbox 583 1243 717 1304; x_wconf 80' lang='lat' dir='ltr'>Roscius.</span> <span class='ocrx_word' id='word_1_57' title='bbox 728 1242 835 1299; x_wconf 81' lang='lat' dir='ltr'>ibidem</span> <span class='ocrx_word' id='word_1_58' title='bbox 849 1242 984 1301; x_wconf 87' lang='lat' dir='ltr'>luerunt.</span> <span class='ocrx_word' id='word_1_59' title='bbox 1031 1248 1128 1304; x_wconf 80' lang='lat' dir='ltr'>Servor</span> 
     </span>
     <span class='ocr_line' id='line_1_9' title="bbox 255 1330 1127 1420; baseline -0.001 -21"><span class='ocrx_word' id='word_1_60' title='bbox 255 1342 343 1417; x_wconf 87' lang='lat' dir='ltr'>ipsas,</span> <span class='ocrx_word' id='word_1_61' title='bbox 356 1345 432 1419; x_wconf 91' lang='lat' dir='ltr'>quod</span> <span class='ocrx_word' id='word_1_62' title='bbox 445 1344 482 1400; x_wconf 88' lang='lat' dir='ltr'>ad</span> <span class='ocrx_word' id='word_1_63' title='bbox 496 1360 542 1400; x_wconf 87' lang='lat' dir='ltr'>me</span> <span class='ocrx_word' id='word_1_64' title='bbox 557 1343 671 1410; x_wconf 81' lang='lat' dir='ltr'>attinet,</span> <span class='ocrx_word' id='word_1_65' title='bbox 684 1358 778 1414; x_wconf 88' lang='lat' dir='ltr'>neque</span> <span class='ocrx_word' id='word_1_66' title='bbox 792 1357 891 1414; x_wconf 81' lang='lat' dir='ltr'>arguo,</span> <span class='ocrx_word' id='word_1_67' title='bbox 913 1330 1017 1418; x_wconf 86' lang='lat' dir='ltr'>neque</span> <span class='ocrx_word' id='word_1_68' title='bbox 1031 1361 1127 1420; x_wconf 76' lang='lat' dir='ltr'>purgo:</span> 
     </span>
     <span class='ocr_line' id='line_1_10' title="bbox 254 1439 1127 1516; baseline 0.008 -19"><span class='ocrx_word' id='word_1_69' title='bbox 254 1445 366 1515; x_wconf 90' lang='lat' dir='ltr'>quoda</span> <span class='ocrx_word' id='word_1_70' title='bbox 385 1442 468 1500; x_wconf 86' lang='lat' dir='ltr'>vohis</span> <span class='ocrx_word' id='word_1_71' title='bbox 483 1443 538 1499; x_wconf 88' lang='lat' dir='ltr'>hoc</span> <span class='ocrx_word' id='word_1_72' title='bbox 559 1439 679 1514; x_wconf 83' lang='lat' dir='ltr'>pugnari</span> <span class='ocrx_word' id='word_1_73' title='bbox 700 1439 853 1506; x_wconf 70' lang='lat' dir='ltr'>videmus</span> <span class='ocrx_word' id='word_1_74' title='bbox 872 1439 907 1498; x_wconf 92' lang='lat' dir='ltr'>in</span> <span class='ocrx_word' id='word_1_75' title='bbox 930 1445 1127 1516; x_wconf 76' lang='lat' dir='ltr'>quaestionem</span> 
     </span>
     <span class='ocr_line' id='line_1_11' title="bbox 253 1539 1129 1616; baseline 0.006 -20"><span class='ocrx_word' id='word_1_76' title='bbox 253 1540 367 1605; x_wconf 88' lang='lat' dir='ltr'>dentur,</span> <span class='ocrx_word' id='word_1_77' title='bbox 380 1541 570 1612; x_wconf 86' lang='lat' dir='ltr'>suspiciosum</span> <span class='ocrx_word' id='word_1_78' title='bbox 590 1545 644 1595; x_wconf 87' lang='lat' dir='ltr'>est.</span> <span class='ocrx_word' id='word_1_79' title='bbox 663 1539 737 1612; x_wconf 92' lang='lat' dir='ltr'>quod</span> <span class='ocrx_word' id='word_1_80' title='bbox 752 1556 822 1595; x_wconf 89' lang='lat' dir='ltr'>vero</span> <span class='ocrx_word' id='word_1_81' title='bbox 836 1539 916 1611; x_wconf 90' lang='lat' dir='ltr'>apud</span> <span class='ocrx_word' id='word_1_82' title='bbox 931 1558 990 1598; x_wconf 83' lang='lat' dir='ltr'>vos</span> <span class='ocrx_word' id='word_1_83' title='bbox 1013 1543 1129 1616; x_wconf 73' lang='lat' dir='ltr'>ipsosiq</span> 
     </span>
     <span class='ocr_line' id='line_1_12' title="bbox 253 1637 1135 1720; baseline 0.012 -28"><span class='ocrx_word' id='word_1_84' title='bbox 253 1637 363 1692; x_wconf 89' lang='lat' dir='ltr'>honore</span> <span class='ocrx_word' id='word_1_85' title='bbox 376 1642 456 1694; x_wconf 89' lang='lat' dir='ltr'>tanto</span> <span class='ocrx_word' id='word_1_86' title='bbox 469 1645 545 1705; x_wconf 93' lang='lat' dir='ltr'>sunt,</span> <span class='ocrx_word' id='word_1_87' title='bbox 555 1640 684 1710; x_wconf 84' lang='lat' dir='ltr'>prolecto</span> <span class='ocrx_word' id='word_1_88' title='bbox 699 1655 817 1695; x_wconf 87' lang='lat' dir='ltr'>necesse</span> <span class='ocrx_word' id='word_1_89' title='bbox 828 1643 883 1706; x_wconf 89' lang='lat' dir='ltr'>est,</span> <span class='ocrx_word' id='word_1_90' title='bbox 895 1639 1001 1698; x_wconf 85' lang='lat' dir='ltr'>sciant</span> <span class='ocrx_word' id='word_1_91' title='bbox 1016 1644 1135 1720; x_wconf 79' lang='lat' dir='ltr'>aliquid.</span> 
     </span>
     <span class='ocr_line' id='line_1_13' title="bbox 253 1735 1129 1810; baseline 0.014 -20"><span class='ocrx_word' id='word_1_92' title='bbox 253 1736 367 1810; x_wconf 87' lang='lat' dir='ltr'>quodsi</span> <span class='ocrx_word' id='word_1_93' title='bbox 388 1735 524 1803; x_wconf 83' lang='lat' dir='ltr'>dixerint,</span> <span class='ocrx_word' id='word_1_94' title='bbox 547 1736 742 1808; x_wconf 89' lang='lat' dir='ltr'>perniciosum</span> <span class='ocrx_word' id='word_1_95' title='bbox 756 1737 839 1792; x_wconf 85' lang='lat' dir='ltr'>vohis</span> <span class='ocrx_word' id='word_1_96' title='bbox 859 1736 995 1798; x_wconf 86' lang='lat' dir='ltr'>laturum</span> <span class='ocrx_word' id='word_1_97' title='bbox 1010 1743 1060 1801; x_wconf 86' lang='lat' dir='ltr'>sit.</span> <span class='ocrx_word' id='word_1_98' title='bbox 1098 1743 1129 1800; x_wconf 82' lang='lat' dir='ltr'>la</span> 
     </span>
     <span class='ocr_line' id='line_1_14' title="bbox 250 1834 1129 1917; baseline 0.013 -27"><span class='ocrx_word' id='word_1_99' title='bbox 250 1834 385 1891; x_wconf 89' lang='lat' dir='ltr'>dominos</span> <span class='ocrx_word' id='word_1_100' title='bbox 399 1835 496 1909; x_wconf 87' lang='lat' dir='ltr'>quaeri</span> <span class='ocrx_word' id='word_1_101' title='bbox 510 1837 546 1908; x_wconf 75' lang='lat' dir='ltr'>de</span> <span class='ocrx_word' id='word_1_102' title='bbox 560 1835 652 1893; x_wconf 81' lang='lat' dir='ltr'>servis</span> <span class='ocrx_word' id='word_1_103' title='bbox 666 1836 797 1908; x_wconf 89' lang='lat' dir='ltr'>iniquum</span> <span class='ocrx_word' id='word_1_104' title='bbox 811 1842 865 1894; x_wconf 81' lang='lat' dir='ltr'>est.</span> <span class='ocrx_word' id='word_1_105' title='bbox 911 1839 1011 1898; x_wconf 83' lang='lat' dir='ltr'>Anne</span> <span class='ocrx_word' id='word_1_106' title='bbox 1026 1840 1129 1917; x_wconf 78' lang='lat' dir='ltr'>qmerl·</span> 
     </span>
     <span class='ocr_line' id='line_1_15' title="bbox 252 1931 1130 2021; baseline 0.013 -32"><span class='ocrx_word' id='word_1_107' title='bbox 252 1931 320 1991; x_wconf 77' lang='lat' dir='ltr'>tur?</span> <span class='ocrx_word' id='word_1_108' title='bbox 343 1935 413 1992; x_wconf 82' lang='lat' dir='ltr'>Sex.</span> <span class='ocrx_word' id='word_1_109' title='bbox 428 1935 506 1992; x_wconf 88' lang='lat' dir='ltr'>euim</span> <span class='ocrx_word' id='word_1_110' title='bbox 521 1934 644 1992; x_wconf 81' lang='lat' dir='ltr'>Roscius</span> <span class='ocrx_word' id='word_1_111' title='bbox 658 1951 721 1990; x_wconf 90' lang='lat' dir='ltr'>reus</span> <span class='ocrx_word' id='word_1_112' title='bbox 735 1938 789 1990; x_wconf 88' lang='lat' dir='ltr'>est.</span> <span class='ocrx_word' id='word_1_113' title='bbox 809 1931 830 1965; x_wconf 78' lang='lat'>⁷⁹</span> <span class='ocrx_word' id='word_1_114' title='bbox 839 1934 951 2009; x_wconf 85' lang='lat' dir='ltr'>Neque</span> <span class='ocrx_word' id='word_1_115' title='bbox 963 1939 1060 2010; x_wconf 83' lang='lat' dir='ltr'>enim,</span> <span class='ocrx_word' id='word_1_116' title='bbox 1069 1956 1130 2021; x_wconf 85' lang='lat' dir='ltr'>curn¹</span> 
     </span>
     <span class='ocr_line' id='line_1_16' title="bbox 250 2032 1130 2107; baseline 0.013 -20"><span class='ocrx_word' id='word_1_117' title='bbox 250 2033 289 2087; x_wconf 88' lang='lat' dir='ltr'>de</span> <span class='ocrx_word' id='word_1_118' title='bbox 317 2034 373 2089; x_wconf 89' lang='lat' dir='ltr'>hoc</span> <span class='ocrx_word' id='word_1_119' title='bbox 392 2034 545 2107; x_wconf 88' lang='lat' dir='ltr'>quaeritur,</span> <span class='ocrx_word' id='word_1_120' title='bbox 572 2052 624 2089; x_wconf 90' lang='lat' dir='ltr'>vos</span> <span class='ocrx_word' id='word_1_121' title='bbox 648 2032 780 2090; x_wconf 89' lang='lat' dir='ltr'>dominos</span> <span class='ocrx_word' id='word_1_122' title='bbox 801 2050 865 2089; x_wconf 88' lang='lat' dir='ltr'>esse</span> <span class='ocrx_word' id='word_1_123' title='bbox 892 2034 1012 2096; x_wconf 84' lang='lat' dir='ltr'>dicitis.</span> <span class='ocrx_word' id='word_1_124' title='bbox 1062 2041 1130 2100; x_wconf 79' lang='lat' dir='ltr'>Gan</span> 
     </span>
     <span class='ocr_line' id='line_1_17' title="bbox 250 2128 1129 2216; baseline 0.015 -33"><span class='ocrx_word' id='word_1_125' title='bbox 250 2128 445 2201; x_wconf 76' lang='lat' dir='ltr'>Chrysogono</span> <span class='ocrx_word' id='word_1_126' title='bbox 458 2137 533 2186; x_wconf 83' lang='lat' dir='ltr'>sunt.</span> <span class='ocrx_word' id='word_1_127' title='bbox 576 2132 622 2187; x_wconf 89' lang='lat' dir='ltr'>lta</span> <span class='ocrx_word' id='word_1_128' title='bbox 635 2134 738 2188; x_wconf 89' lang='lat' dir='ltr'>credo:</span> <span class='ocrx_word' id='word_1_129' title='bbox 757 2131 862 2188; x_wconf 86' lang='lat' dir='ltr'>litteris</span> <span class='ocrx_word' id='word_1_130' title='bbox 876 2149 995 2216; x_wconf 77' lang='lat' dir='ltr'>eomm,</span> <span class='ocrx_word' id='word_1_131' title='bbox 1010 2144 1043 2196; x_wconf 90' lang='lat' dir='ltr'>et</span> <span class='ocrx_word' id='word_1_132' title='bbox 1056 2142 1129 2197; x_wconf 79' lang='lat' dir='ltr'>urba·</span> 
     </span>
     <span class='ocr_line' id='line_1_18' title="bbox 251 2224 1130 2309; baseline 0.017 -27"><span class='ocrx_word' id='word_1_133' title='bbox 251 2224 344 2282; x_wconf 87' lang='lat' dir='ltr'>nitate</span> <span class='ocrx_word' id='word_1_134' title='bbox 368 2226 572 2299; x_wconf 84' lang='lat' dir='ltr'>Chrysogonus</span> <span class='ocrx_word' id='word_1_135' title='bbox 594 2229 717 2296; x_wconf 82' lang='lat' dir='ltr'>ducitur,</span> <span class='ocrx_word' id='word_1_136' title='bbox 739 2234 775 2309; x_wconf 17' lang='lat' dir='ltr'>¹*ut</span> <span class='ocrx_word' id='word_1_137' title='bbox 801 2230 878 2287; x_wconf 88' lang='lat' dir='ltr'>inter</span> <span class='ocrx_word' id='word_1_138' title='bbox 903 2251 975 2292; x_wconf 86' lang='lat' dir='ltr'>suos</span> <span class='ocrx_word' id='word_1_139' title='bbox 1003 2238 1130 2296; x_wconf 76' lang='lat' dir='ltr'>omniun</span> 
     </span>
     <span class='ocr_line' id='line_1_19' title="bbox 249 2324 1128 2407; baseline 0.014 -26"><span class='ocrx_word' id='word_1_140' title='bbox 249 2324 421 2383; x_wconf 87' lang='lat' dir='ltr'>deliciarum</span> <span class='ocrx_word' id='word_1_141' title='bbox 434 2329 519 2401; x_wconf 86' lang='lat' dir='ltr'>atque</span> <span class='ocrx_word' id='word_1_142' title='bbox 536 2326 665 2385; x_wconf 90' lang='lat' dir='ltr'>omnium</span> <span class='ocrx_word' id='word_1_143' title='bbox 680 2328 783 2386; x_wconf 85' lang='lat' dir='ltr'>artium</span> <span class='ocrx_word' id='word_1_144' title='bbox 797 2332 945 2402; x_wconf 87' lang='lat' dir='ltr'>puerulos,</span> <span class='ocrx_word' id='word_1_145' title='bbox 959 2353 1003 2393; x_wconf 84' lang='lat' dir='ltr'>ex</span> <span class='ocrx_word' id='word_1_146' title='bbox 1019 2340 1128 2407; x_wconf 83' lang='lat' dir='ltr'>totale·</span> 
     </span>
     <span class='ocr_line' id='line_1_20' title="bbox 249 2422 1128 2502; baseline 0.014 -19"><span class='ocrx_word' id='word_1_147' title='bbox 249 2426 426 2502; x_wconf 84' lang='lat' dir='ltr'>gantissimis</span> <span class='ocrx_word' id='word_1_148' title='bbox 441 2428 558 2486; x_wconf 84' lang='lat' dir='ltr'>familiis</span> <span class='ocrx_word' id='word_1_149' title='bbox 574 2430 673 2496; x_wconf 87' lang='lat' dir='ltr'>lectos,</span> <span class='ocrx_word' id='word_1_150' title='bbox 687 2429 762 2486; x_wconf 86' lang='lat' dir='ltr'>velit</span> <span class='ocrx_word' id='word_1_151' title='bbox 782 2430 834 2485; x_wconf 90' lang='lat' dir='ltr'>hos</span> <span class='ocrx_word' id='word_1_152' title='bbox 848 2433 974 2501; x_wconf 88' lang='lat' dir='ltr'>versari,</span> <span class='ocrx_word' id='word_1_153' title='bbox 997 2422 1128 2497; x_wconf 69' lang='lat' dir='ltr'>hommes</span> 
     </span>
     <span class='ocr_line' id='line_1_21' title="bbox 249 2527 1126 2603; baseline 0.014 -20"><span class='ocrx_word' id='word_1_154' title='bbox 249 2544 343 2599; x_wconf 88' lang='lat' dir='ltr'>paene</span> <span class='ocrx_word' id='word_1_155' title='bbox 356 2529 511 2600; x_wconf 84' lang='lat' dir='ltr'>operarios,</span> <span class='ocrx_word' id='word_1_156' title='bbox 525 2546 563 2584; x_wconf 84' lang='lat' dir='ltr'>ex</span> <span class='ocrx_word' id='word_1_157' title='bbox 575 2527 718 2586; x_wconf 88' lang='lat' dir='ltr'>Amerina</span> <span class='ocrx_word' id='word_1_158' title='bbox 730 2527 887 2601; x_wconf 81' lang='lat' dir='ltr'>disciplina</span> <span class='ocrx_word' id='word_1_159' title='bbox 900 2532 1126 2603; x_wconf 74' lang='lat' dir='ltr'>patrisfamiliae</span> 
     </span>
     <span class='ocr_line' id='line_1_22' title="bbox 248 2625 1126 2700; baseline 0.009 -20"><span class='ocrx_word' id='word_1_160' title='bbox 248 2625 396 2680; x_wconf 88' lang='lat' dir='ltr'>rusticani.</span> <span class='ocrx_word' id='word_1_161' title='bbox 438 2627 508 2682; x_wconf 93' lang='lat' dir='ltr'>Non</span> <span class='ocrx_word' id='word_1_162' title='bbox 525 2631 569 2682; x_wconf 86' lang='lat' dir='ltr'>est</span> <span class='ocrx_word' id='word_1_163' title='bbox 590 2627 631 2683; x_wconf 90' lang='lat' dir='ltr'>ita</span> <span class='ocrx_word' id='word_1_164' title='bbox 651 2627 788 2699; x_wconf 84' lang='lat' dir='ltr'>prolecto,</span> <span class='ocrx_word' id='word_1_165' title='bbox 799 2626 939 2700; x_wconf 88' lang='lat' dir='ltr'>judices:</span> <span class='ocrx_word' id='word_1_166' title='bbox 967 2629 1067 2693; x_wconf 69' lang='lat' dir='ltr'>⁰&#39;nam</span> <span class='ocrx_word' id='word_1_167' title='bbox 1087 2636 1126 2691; x_wconf 83' lang='lat' dir='ltr'>ast</span> 
     </span>
     <span class='ocr_line' id='line_1_23' title="bbox 249 2720 1126 2801; baseline 0.013 -25"><span class='ocrx_word' id='word_1_168' title='bbox 249 2720 418 2790; x_wconf 87' lang='lat' dir='ltr'>verisimile,</span> <span class='ocrx_word' id='word_1_169' title='bbox 440 2728 472 2780; x_wconf 89' lang='lat' dir='ltr'>ut</span> <span class='ocrx_word' id='word_1_170' title='bbox 496 2724 703 2799; x_wconf 79' lang='lat' dir='ltr'>Chrysogonus</span> <span class='ocrx_word' id='word_1_171' title='bbox 725 2727 824 2782; x_wconf 89' lang='lat' dir='ltr'>horum</span> <span class='ocrx_word' id='word_1_172' title='bbox 842 2725 958 2785; x_wconf 83' lang='lat' dir='ltr'>litteras</span> <span class='ocrx_word' id='word_1_173' title='bbox 978 2732 1126 2801; x_wconf 73' lang='lat' dir='ltr'>adamarh,</span> 
     </span>
     <span class='ocr_line' id='line_1_24' title="bbox 248 2820 1123 2903; baseline 0.011 -27"><span class='ocrx_word' id='word_1_174' title='bbox 248 2824 297 2877; x_wconf 90' lang='lat' dir='ltr'>aut</span> <span class='ocrx_word' id='word_1_175' title='bbox 311 2820 538 2879; x_wconf 86' lang='lat' dir='ltr'>humanitatem:</span> <span class='ocrx_word' id='word_1_176' title='bbox 560 2841 628 2891; x_wconf 87' lang='lat' dir='ltr'>non,</span> <span class='ocrx_word' id='word_1_177' title='bbox 643 2829 674 2880; x_wconf 93' lang='lat' dir='ltr'>ut</span> <span class='ocrx_word' id='word_1_178' title='bbox 693 2823 736 2880; x_wconf 89' lang='lat' dir='ltr'>rei</span> <span class='ocrx_word' id='word_1_179' title='bbox 754 2823 904 2881; x_wconf 81' lang='lat' dir='ltr'>familiaria</span> <span class='ocrx_word' id='word_1_180' title='bbox 920 2830 1051 2903; x_wconf 78' lang='lat' dir='ltr'>negotio</span> <span class='ocrx_word' id='word_1_181' title='bbox 1067 2828 1123 2889; x_wconf 90' lang='lat' dir='ltr'>dili·</span> 
     </span>
     <span class='ocr_line' id='line_1_25' title="bbox 246 2921 1120 3005; baseline 0.011 -29"><span class='ocrx_word' id='word_1_182' title='bbox 246 2921 377 2992; x_wconf 81' lang='lat' dir='ltr'>gentiam</span> <span class='ocrx_word' id='word_1_183' title='bbox 387 2921 519 2996; x_wconf 82' lang='lat' dir='ltr'>cognorit</span> <span class='ocrx_word' id='word_1_184' title='bbox 530 2940 628 2979; x_wconf 89' lang='lat' dir='ltr'>eorum</span> <span class='ocrx_word' id='word_1_185' title='bbox 641 2926 670 2979; x_wconf 88' lang='lat' dir='ltr'>et</span> <span class='ocrx_word' id='word_1_186' title='bbox 684 2923 780 2979; x_wconf 85' lang='lat' dir='ltr'>fidem.</span> <span class='ocrx_word' id='word_1_187' title='bbox 815 2922 868 2980; x_wconf 87' lang='lat' dir='ltr'>Est</span> <span class='ocrx_word' id='word_1_188' title='bbox 882 2924 1039 2998; x_wconf 86' lang='lat' dir='ltr'>quiddam,</span> <span class='ocrx_word' id='word_1_189' title='bbox 1053 2926 1120 3005; x_wconf 88' lang='lat' dir='ltr'>qnod</span> 
     </span>
     <span class='ocr_line' id='line_1_26' title="bbox 244 3019 1121 3098; baseline 0.009 -26"><span class='ocrx_word' id='word_1_190' title='bbox 244 3020 418 3075; x_wconf 86' lang='lat' dir='ltr'>occultatur.</span> <span class='ocrx_word' id='word_1_191' title='bbox 438 3020 514 3091; x_wconf 89' lang='lat' dir='ltr'>quod</span> <span class='ocrx_word' id='word_1_192' title='bbox 527 3035 582 3090; x_wconf 93' lang='lat' dir='ltr'>quo</span> <span class='ocrx_word' id='word_1_193' title='bbox 596 3021 751 3078; x_wconf 88' lang='lat' dir='ltr'>studiosius</span> <span class='ocrx_word' id='word_1_194' title='bbox 766 3022 803 3077; x_wconf 89' lang='lat' dir='ltr'>ab</span> <span class='ocrx_word' id='word_1_195' title='bbox 816 3019 887 3093; x_wconf 89' lang='lat' dir='ltr'>ipsis</span> <span class='ocrx_word' id='word_1_196' title='bbox 906 3026 1121 3098; x_wconf 73' lang='lat' dir='ltr'>opprimimrat</span> 
     </span>
    </p>
   </div>
   <div class='ocr_carea' id='block_1_3' title="bbox 245 3166 1120 3635">
    <p class='ocr_par' dir='ltr' id='par_1_3' title="bbox 245 3166 1120 3635">
     <span class='ocr_line' id='line_1_27' title="bbox 277 3166 1120 3231; baseline 0.019 -20"><span class='ocrx_word' id='word_1_197' title='bbox 277 3166 300 3200; x_wconf 79' lang='lat'>⁷⁹</span> <span class='ocrx_word' id='word_1_198' title='bbox 315 3167 392 3226; x_wconf 80' lang='lat' dir='ltr'>Neque</span> <span class='ocrx_word' id='word_1_199' title='bbox 400 3169 460 3215; x_wconf 79' lang='lat' dir='ltr'>euim</span> <span class='ocrx_word' id='word_1_200' title='bbox 469 3182 528 3224; x_wconf 85' lang='lat' dir='ltr'>cam,</span> <span class='ocrx_word' id='word_1_201' title='bbox 539 3170 593 3231; x_wconf 82' lang='lat' dir='ltr'>etc]</span> <span class='ocrx_word' id='word_1_202' title='bbox 615 3171 660 3219; x_wconf 86' lang='lat' dir='ltr'>Hic</span> <span class='ocrx_word' id='word_1_203' title='bbox 670 3175 731 3220; x_wconf 75' lang='lat' dir='ltr'>locus</span> <span class='ocrx_word' id='word_1_204' title='bbox 741 3174 844 3221; x_wconf 79' lang='lat' dir='ltr'>obscurus</span> <span class='ocrx_word' id='word_1_205' title='bbox 853 3173 980 3224; x_wconf 81' lang='lat' dir='ltr'>etvitiosas</span> <span class='ocrx_word' id='word_1_206' title='bbox 991 3186 1036 3229; x_wconf 81' lang='lat' dir='ltr'>est.</span> <span class='ocrx_word' id='word_1_207' title='bbox 1066 3178 1120 3229; x_wconf 70' lang='lat' dir='ltr'>aaa</span> 
     </span>
     <span class='ocr_line' id='line_1_28' title="bbox 246 3225 1120 3289; baseline 0.017 -19"><span class='ocrx_word' id='word_1_208' title='bbox 246 3240 280 3285; x_wconf 87' lang='lat' dir='ltr'>pr.</span> <span class='ocrx_word' id='word_1_209' title='bbox 291 3225 386 3272; x_wconf 85' lang='lat' dir='ltr'>variant.</span> <span class='ocrx_word' id='word_1_210' title='bbox 417 3228 478 3274; x_wconf 88' lang='lat' dir='ltr'>Nam</span> <span class='ocrx_word' id='word_1_211' title='bbox 488 3229 579 3286; x_wconf 76' lang='lat' dir='ltr'>vulgata</span> <span class='ocrx_word' id='word_1_212' title='bbox 592 3236 625 3276; x_wconf 87' lang='lat' dir='ltr'>est</span> <span class='ocrx_word' id='word_1_213' title='bbox 635 3233 664 3278; x_wconf 86' lang='lat' dir='ltr'>ab</span> <span class='ocrx_word' id='word_1_214' title='bbox 673 3234 741 3279; x_wconf 86' lang='lat' dir='ltr'>Aldo.</span> <span class='ocrx_word' id='word_1_215' title='bbox 760 3235 803 3279; x_wconf 76' lang='lat' dir='ltr'>lid.</span> <span class='ocrx_word' id='word_1_216' title='bbox 814 3234 851 3278; x_wconf 89' lang='lat' dir='ltr'>W.</span> <span class='ocrx_word' id='word_1_217' title='bbox 866 3233 938 3281; x_wconf 79' lang='lat' dir='ltr'>habat</span> <span class='ocrx_word' id='word_1_218' title='bbox 948 3241 974 3283; x_wconf 91' lang='lat' dir='ltr'>ut</span> <span class='ocrx_word' id='word_1_219' title='bbox 984 3238 1038 3288; x_wconf 86' lang='lat' dir='ltr'>Ms.</span> <span class='ocrx_word' id='word_1_220' title='bbox 1047 3239 1075 3289; x_wconf 81' lang='lat' dir='ltr'>G·</span> <span class='ocrx_word' id='word_1_221' title='bbox 1090 3250 1120 3285; x_wconf 77' lang='lat' dir='ltr'>stt</span> 
     </span>
     <span class='ocr_line' id='line_1_29' title="bbox 246 3284 1120 3346; baseline 0.016 -17"><span class='ocrx_word' id='word_1_222' title='bbox 246 3285 306 3329; x_wconf 74' lang='lat' dir='ltr'>caim</span> <span class='ocrx_word' id='word_1_223' title='bbox 316 3284 414 3331; x_wconf 69' lang='lat' dir='ltr'>domitios</span> <span class='ocrx_word' id='word_1_224' title='bbox 430 3302 472 3332; x_wconf 80' lang='lat' dir='ltr'>esse</span> <span class='ocrx_word' id='word_1_225' title='bbox 486 3288 569 3334; x_wconf 79' lang='lat' dir='ltr'>dicitis.</span> <span class='ocrx_word' id='word_1_226' title='bbox 601 3291 659 3336; x_wconf 83' lang='lat' dir='ltr'>Edd.</span> <span class='ocrx_word' id='word_1_227' title='bbox 672 3292 702 3337; x_wconf 87' lang='lat' dir='ltr'>R.</span> <span class='ocrx_word' id='word_1_228' title='bbox 714 3291 739 3337; x_wconf 92' lang='lat' dir='ltr'>B.</span> <span class='ocrx_word' id='word_1_229' title='bbox 757 3291 823 3338; x_wconf 85' lang='lat' dir='ltr'>Med.</span> <span class='ocrx_word' id='word_1_230' title='bbox 839 3293 901 3338; x_wconf 89' lang='lat' dir='ltr'>Junt.</span> <span class='ocrx_word' id='word_1_231' title='bbox 920 3308 959 3340; x_wconf 77' lang='lat' dir='ltr'>aar</span> <span class='ocrx_word' id='word_1_232' title='bbox 975 3310 1032 3345; x_wconf 68' lang='lat' dir='ltr'>m</span> <span class='ocrx_word' id='word_1_233' title='bbox 1041 3296 1120 3346; x_wconf 64' lang='lat' dir='ltr'>&amp;riu</span> 
     </span>
     <span class='ocr_line' id='line_1_30' title="bbox 246 3342 1111 3405; baseline 0.021 -17"><span class='ocrx_word' id='word_1_234' title='bbox 246 3356 289 3388; x_wconf 80' lang='lat' dir='ltr'>esre</span> <span class='ocrx_word' id='word_1_235' title='bbox 298 3342 379 3389; x_wconf 77' lang='lat' dir='ltr'>dicitis.</span> <span class='ocrx_word' id='word_1_236' title='bbox 412 3346 475 3393; x_wconf 86' lang='lat' dir='ltr'>Prior</span> <span class='ocrx_word' id='word_1_237' title='bbox 485 3347 552 3392; x_wconf 86' lang='lat' dir='ltr'>lectio</span> <span class='ocrx_word' id='word_1_238' title='bbox 563 3363 600 3393; x_wconf 87' lang='lat' dir='ltr'>me</span> <span class='ocrx_word' id='word_1_239' title='bbox 613 3350 703 3396; x_wconf 85' lang='lat' dir='ltr'>videtur</span> <span class='ocrx_word' id='word_1_240' title='bbox 717 3350 739 3395; x_wconf 90' lang='lat' dir='ltr'>in</span> <span class='ocrx_word' id='word_1_241' title='bbox 755 3352 814 3397; x_wconf 68' lang='lat' dir='ltr'>dam</span> <span class='ocrx_word' id='word_1_242' title='bbox 824 3350 943 3399; x_wconf 69' lang='lat' dir='ltr'>aesarius</span> <span class='ocrx_word' id='word_1_243' title='bbox 961 3354 1052 3405; x_wconf 81' lang='lat' dir='ltr'>indicio</span> <span class='ocrx_word' id='word_1_244' title='bbox 1105 3353 1111 3367; x_wconf 75' lang='lat'>⁸</span> 
     </span>
     <span class='ocr_line' id='line_1_31' title="bbox 246 3401 1118 3469; baseline 0.015 -23"><span class='ocrx_word' id='word_1_245' title='bbox 246 3402 311 3448; x_wconf 78' lang='lat' dir='ltr'>aulae</span> <span class='ocrx_word' id='word_1_246' title='bbox 321 3401 386 3447; x_wconf 77' lang='lat' dir='ltr'>caim.</span> <span class='ocrx_word' id='word_1_247' title='bbox 419 3405 514 3451; x_wconf 84' lang='lat' dir='ltr'>Videtur</span> <span class='ocrx_word' id='word_1_248' title='bbox 524 3406 555 3451; x_wconf 84' lang='lat' dir='ltr'>sie</span> <span class='ocrx_word' id='word_1_249' title='bbox 569 3422 583 3450; x_wconf 89' lang='lat' dir='ltr'>a</span> <span class='ocrx_word' id='word_1_250' title='bbox 593 3407 700 3454; x_wconf 86' lang='lat' dir='ltr'>Cicerone</span> <span class='ocrx_word' id='word_1_251' title='bbox 713 3409 792 3457; x_wconf 84' lang='lat' dir='ltr'>luisse:</span> <span class='ocrx_word' id='word_1_252' title='bbox 810 3409 888 3469; x_wconf 74' lang='lat' dir='ltr'>Neque</span> <span class='ocrx_word' id='word_1_253' title='bbox 897 3412 968 3468; x_wconf 76' lang='grc' dir='ltr'><strong>οπὶπι,</strong></span> <span class='ocrx_word' id='word_1_254' title='bbox 986 3430 1042 3463; x_wconf 74' lang='lat' dir='ltr'>cunr</span> <span class='ocrx_word' id='word_1_255' title='bbox 1085 3414 1118 3459; x_wconf 73' lang='lat' dir='ltr'>be</span> 
     </span>
     <span class='ocr_line' id='line_1_32' title="bbox 245 3461 1117 3524; baseline 0.021 -20"><span class='ocrx_word' id='word_1_256' title='bbox 245 3461 370 3520; x_wconf 59' lang='lat' dir='ltr'>patrentur,</span> <span class='ocrx_word' id='word_1_257' title='bbox 386 3462 413 3507; x_wconf 87' lang='lat' dir='ltr'>ds</span> <span class='ocrx_word' id='word_1_258' title='bbox 422 3463 508 3510; x_wconf 76' lang='lat' dir='ltr'>domina</span> <span class='ocrx_word' id='word_1_259' title='bbox 518 3466 649 3524; x_wconf 75' lang='lat' dir='ltr'>quam&#39;lur:</span> <span class='ocrx_word' id='word_1_260' title='bbox 666 3482 703 3513; x_wconf 78' lang='lat' dir='ltr'>aus</span> <span class='ocrx_word' id='word_1_261' title='bbox 712 3468 771 3515; x_wconf 64' lang='lat' dir='ltr'>uam</span> <span class='ocrx_word' id='word_1_262' title='bbox 780 3469 879 3515; x_wconf 69' lang='lat' dir='ltr'>dandam</span> <span class='ocrx_word' id='word_1_263' title='bbox 892 3483 937 3516; x_wconf 78' lang='lat' dir='ltr'>ease</span> <span class='ocrx_word' id='word_1_264' title='bbox 948 3472 1034 3523; x_wconf 65' lang='lat' dir='ltr'>dicitis</span> <span class='ocrx_word' id='word_1_265' title='bbox 1064 3472 1117 3521; x_wconf 66' lang='lat' dir='ltr'>Mu</span> 
     </span>
     <span class='ocr_line' id='line_1_33' title="bbox 245 3521 1120 3594; baseline 0.015 -28"><span class='ocrx_word' id='word_1_266' title='bbox 245 3521 370 3567; x_wconf 77' lang='lat' dir='ltr'>urbanitati</span> <span class='ocrx_word' id='word_1_267' title='bbox 385 3521 442 3567; x_wconf 81' lang='lat' dir='ltr'>infra</span> <span class='ocrx_word' id='word_1_268' title='bbox 454 3524 572 3584; x_wconf 88' lang='lat' dir='ltr'>respondet</span> <span class='ocrx_word' id='word_1_269' title='bbox 588 3525 723 3584; x_wconf 74' lang='lat' dir='ltr'>humanitas,</span> <span class='ocrx_word' id='word_1_270' title='bbox 740 3534 817 3589; x_wconf 86' lang='lat' dir='ltr'>estque</span> <span class='ocrx_word' id='word_1_271' title='bbox 834 3527 950 3585; x_wconf 79' lang='lat' dir='ltr'>elegantia</span> <span class='ocrx_word' id='word_1_272' title='bbox 963 3545 1062 3594; x_wconf 79' lang='lat' dir='ltr'>morum,</span> <span class='ocrx_word' id='word_1_273' title='bbox 1078 3534 1120 3581; x_wconf 62' lang='lat' dir='ltr'>eth</span> 
     </span>
     <span class='ocr_line' id='line_1_34' title="bbox 245 3580 959 3635; baseline 0.015 -11"><span class='ocrx_word' id='word_1_274' title='bbox 245 3580 305 3625; x_wconf 87' lang='lat' dir='ltr'>male</span> <span class='ocrx_word' id='word_1_275' title='bbox 315 3580 469 3627; x_wconf 88' lang='lat' dir='ltr'>Hotomanaus</span> <span class='ocrx_word' id='word_1_276' title='bbox 480 3583 509 3627; x_wconf 89' lang='lat' dir='ltr'>ad</span> <span class='ocrx_word' id='word_1_277' title='bbox 518 3583 642 3630; x_wconf 87' lang='lat' dir='ltr'>doctrinam</span> <span class='ocrx_word' id='word_1_278' title='bbox 653 3586 722 3632; x_wconf 80' lang='lat' dir='ltr'>relert</span> <span class='ocrx_word' id='word_1_279' title='bbox 731 3585 894 3632; x_wconf 83' lang='lat' dir='ltr'>humanitatem</span> <span class='ocrx_word' id='word_1_280' title='bbox 904 3587 928 3633; x_wconf 84' lang='lat' dir='ltr'>h.</span> <span class='ocrx_word' id='word_1_281' title='bbox 941 3588 959 3635; x_wconf 88' lang='lat' dir='ltr'>l.</span> 
     </span>
    </p>
   </div>
   <div class='ocr_carea' id='block_1_4' title="bbox 245 3659 1117 3783">
    <p class='ocr_par' dir='ltr' id='par_1_4' title="bbox 245 3659 1117 3783">
     <span class='ocr_line' id='line_1_35' title="bbox 274 3659 1114 3722; baseline 0.017 -18"><span class='ocrx_word' id='word_1_282' title='bbox 274 3659 295 3691; x_wconf 76' lang='lat'>⁸⁰</span> <span class='ocrx_word' id='word_1_283' title='bbox 309 3674 355 3706; x_wconf 81' lang='lat' dir='ltr'>aaa</span> <span class='ocrx_word' id='word_1_284' title='bbox 371 3660 541 3716; x_wconf 76' lang='lat' dir='ltr'>cataerisimila,</span> <span class='ocrx_word' id='word_1_285' title='bbox 558 3662 601 3722; x_wconf 75' lang='lat' dir='ltr'>ui]</span> <span class='ocrx_word' id='word_1_286' title='bbox 633 3664 718 3711; x_wconf 86' lang='lat' dir='ltr'>Durior</span> <span class='ocrx_word' id='word_1_287' title='bbox 737 3670 771 3711; x_wconf 85' lang='lat' dir='ltr'>est</span> <span class='ocrx_word' id='word_1_288' title='bbox 786 3666 842 3711; x_wconf 84' lang='lat' dir='ltr'>haec</span> <span class='ocrx_word' id='word_1_289' title='bbox 859 3668 1008 3717; x_wconf 79' lang='lat' dir='ltr'>constructio.</span> <span class='ocrx_word' id='word_1_290' title='bbox 1040 3666 1114 3717; x_wconf 72' lang='lat' dir='ltr'>hut</span> 
     </span>
     <span class='ocr_line' id='line_1_36' title="bbox 245 3718 1117 3783; baseline 0.014 -18"><span class='ocrx_word' id='word_1_291' title='bbox 245 3718 364 3765; x_wconf 63' lang='lat' dir='ltr'>muamus</span> <span class='ocrx_word' id='word_1_292' title='bbox 378 3719 474 3781; x_wconf 88' lang='lat' dir='ltr'>spurium</span> <span class='ocrx_word' id='word_1_293' title='bbox 493 3721 594 3780; x_wconf 82' lang='lat' dir='ltr'>putabat.</span> <span class='ocrx_word' id='word_1_294' title='bbox 608 3723 729 3783; x_wconf 76' lang='lat' dir='ltr'>eleganter.</span> <span class='ocrx_word' id='word_1_295' title='bbox 746 3725 826 3773; x_wconf 88' lang='lat' dir='ltr'>eadem</span> <span class='ocrx_word' id='word_1_296' title='bbox 840 3729 917 3773; x_wconf 62' lang='lat' dir='ltr'>mmm</span> <span class='ocrx_word' id='word_1_297' title='bbox 937 3728 1076 3779; x_wconf 74' lang='lat' dir='ltr'>mhuah&#39;c</span> <span class='ocrx_word' id='word_1_298' title='bbox 1087 3727 1117 3777; x_wconf 68' lang='lat' dir='ltr'>ei</span> 
     </span>
    </p>
   </div>
   <div class='ocr_carea' id='block_1_5' title="bbox 154 3774 521 3838">
    <p class='ocr_par' dir='ltr' id='par_1_5' title="bbox 154 3774 521 3838">
     <span class='ocr_line' id='line_1_37' title="bbox 154 3774 521 3838; baseline 0.016 -18"><span class='ocrx_word' id='word_1_299' title='bbox 154 3794 159 3805; x_wconf 93' lang='lat'><em>·</em></span> <span class='ocrx_word' id='word_1_300' title='bbox 246 3774 312 3824; x_wconf 76' lang='lat' dir='ltr'>Vera</span> <span class='ocrx_word' id='word_1_301' title='bbox 329 3778 402 3838; x_wconf 84' lang='lat' dir='ltr'>1V,a</span> <span class='ocrx_word' id='word_1_302' title='bbox 413 3780 474 3828; x_wconf 81' lang='lat' dir='ltr'>Sext.</span> <span class='ocrx_word' id='word_1_303' title='bbox 485 3781 521 3827; x_wconf 82' lang='grc'>36.</span> 
     </span>
    </p>
   </div>
   <div class='ocr_carea' id='block_1_6' title="bbox 0 0 1354 4675">
    <p class='ocr_par' dir='ltr' id='par_1_6' title="bbox 0 0 1354 4675">
     <span class='ocr_line' id='line_1_38' title="bbox 0 0 1354 4675; baseline 0 2"><span class='ocrx_word' id='word_1_304' title='bbox 0 0 1354 4675; x_wconf 95' lang='lat' dir='ltr'> </span> 
     </span>
    </p>
   </div>
  </div>
 </body>
</html>
