2700 4675
524 586 789 649 euoegeunrrro
1048 591 1092 652 48

223 733 368 794 numentis
385 732 516 793 omnibus
538 735 670 809 spoliata,
688 737 767 792 nude
789 731 943 807 cupiditati
961 733 1091 805 petrrlan·

222 832 338 905 tiaeque
350 828 371 862 ⁹⁵
380 832 538 890 addicatur.
580 830 598 866 *ί*
613 834 683 889 Nou
693 835 842 904 comparat
850 847 882 887 ee
890 835 987 887 tecum
1000 830 1093 905 gratia

222 928 258 987 Ρ.
274 916 420 1001 Quintius,
435 931 507 986 Sex.
522 929 640 986 Naevi:
661 946 721 987 non
745 929 856 1003 opibus,
876 945 936 986 non
955 928 1092 987 facultate

224 1026 386 1084 contendit.
406 1042 508 1084 omnes
518 1030 581 1084 tuae
594 1033 679 1094 artes,
692 1027 792 1103 quihus
806 1033 837 1085 tu
851 1045 970 1102 maguus
984 1044 1026 1094 es,
1039 1024 1094 1084 tibi

223 1123 369 1181 concedit.
411 1124 540 1193 Fatetur,
554 1144 585 1182 se
596 1144 655 1184 non
670 1128 746 1183 heile
755 1126 863 1194 dicere,
874 1143 933 1183 non
942 1127 980 1183 ad
990 1127 1092 1183 voiun-

223 1225 314 1279 tatem
324 1222 402 1297 ioqui
412 1240 512 1297 posse:
526 1241 586 1281 non
596 1226 634 1280 ab
647 1224 756 1282 afflicta
764 1224 896 1282 amicitia
906 1224 1091 1298 transfugere,

223 1309 315 1394 atque
323 1322 360 1378 ad
373 1321 523 1379 dorentenr
537 1322 624 1379 aliam
637 1323 793 1379 devolare:
814 1340 874 1379 non
885 1321 1005 1394 profruis
1018 1338 1092 1378 suns-

223 1417 299 1475 tibus
313 1419 430 1477 vivere:
453 1438 512 1477 non
525 1438 628 1477 ornare
642 1420 796 1493 magnifice
804 1419 1012 1492 splendideque
1025 1436 1100 1478 con«.

222 1516 353 1574 virium:
373 1536 433 1576 non
447 1520 554 1576 habere
574 1520 691 1576 domum
711 1521 840 1576 clausurn
853 1517 955 1590 pudori
968 1522 999 1574 et
1011 1533 1093 1573 sanc·

223 1613 372 1683 timoniae,
385 1622 533 1691 patentem
557 1623 642 1691 atque
663 1619 738 1674 adeo
759 1617 921 1690 expositam
940 1612 1093 1689 cupiditati

224 1717 255 1770 et
269 1715 481 1788 voluptatibus:
502 1724 612 1783 contra,
633 1716 689 1773 sibi
707 1717 843 1783 officium,
862 1712 1093 1786 fidem,diligen·

225 1810 305 1880 tum,
319 1813 411 1871 vitam
434 1815 553 1873 omniuo
576 1833 691 1888 semper
708 1815 853 1871 horridum
875 1818 961 1886 atque
982 1811 1093 1869 aridam

225 1909 306 1965 cordi
315 1909 410 1968 fuisse.
431 1912 488 1969 istc
497 1914 644 1986 superiora
654 1929 729 1978 esse,
737 1928 775 1967 ac
783 1911 937 1984 plurimum
949 1926 1033 1981 posse
1046 1908 1093 1965 his

224 2006 350 2064 muribus
363 2008 461 2065 sentit.
503 2009 581 2081 Quid
592 2026 661 2082 ergo
674 2006 742 2066 eet?
763 2025 822 2066 non
835 2025 924 2080 usque
935 2023 972 2063 eu
985 2012 1093 2074 tamen,

226 2105 312 2162 utin
336 2106 433 2179 eapite
457 2106 632 2181 fortunisque
653 2106 803 2163 hominum
827 2104 1093 2163 honestissimorum

225 2203 409 2264 dominentur
421 2204 453 2271 ii,
466 2204 515 2279 qui
528 2204 631 2261 relicta
641 2206 780 2262 bonorum
789 2203 914 2261 virorum
927 2202 1092 2275 disciplina,
1174 2196 1179 2206 '

223 2306 255 2361 et
272 2308 420 2378 quaestum
444 2309 474 2362 et
495 2308 638 2378 sumptum
661 2302 792 2361 Gallonii
814 2302 896 2377 sequi
919 2304 1090 2369 maluerunt.

223 2405 309 2476 atque
323 2401 420 2469 etiam,
437 2404 512 2476 quod
525 2402 623 2460 inille
635 2402 772 2464 nonfuit,
785 2417 854 2457 cum
874 2400 996 2456 audacia
1009 2398 1091 2471 perti·

222 2499 326 2572 diuque
344 2498 489 2555 vixerunt.
531 2498 565 2557 Si
586 2498 657 2555 licet
680 2498 785 2552 vivere
812 2512 888 2561 eum,
913 2512 998 2568 quem
1019 2496 1090 2552 Sex.

224 2595 358 2652 Naevius
374 2612 433 2652 non
455 2596 536 2651 vult:
567 2594 593 2650 si
620 2599 665 2650 eat
686 2592 797 2649 homini
821 2593 944 2648 honesto
964 2594 1046 2649 locus
1059 2592 1093 2651 in

226 2690 359 2765 civitate,
371 2691 468 2749 invito
481 2691 619 2750 Naevio:
640 2691 665 2747 si
683 2691 725 2747 fas
743 2696 788 2747 eet
801 2690 939 2763 respirare
953 2689 987 2746 P.
1003 2689 1092 2761 Quin·

226 2788 307 2857 tium,
322 2795 422 2848 contra
437 2797 537 2848 nutum
550 2789 747 2864 ditionemque
770 2790 798 2844 N
801 2788 898 2845 aevii:
918 2789 943 2845 ei
956 2805 1034 2864 quae.
1043 2804 1092 2863 pu·

223 2891 293 2948 dore
304 2893 473 2948 ornamenta
486 2888 541 2948 sibi
554 2889 674 2962 peperit,
689 2904 724 2944 ee
735 2893 830 2961 potest
842 2893 944 2946 contra
962 2889 1093 2958 petulcu-

224 2991 305 3058 tiam,
316 2995 345 3046 te
359 2989 542 3055 defendente,
556 2987 707 3044 obtinere:
728 3004 793 3059 spes
807 2995 861 3054 est,
874 2990 905 3043 et
918 2987 995 3042 hunc
1009 2985 1092 3042 miss·

224 3105 287 3146 rum
311 3076 396 3161 atque
415 3087 563 3145 infelicem
576 3087 732 3160 aliquando
750 3087 867 3142 tandem
889 3101 971 3157 posse
985 3083 1092 3140 consis-

226 3192 298 3243 tere.
322 3185 395 3253 ,sin
408 3191 438 3242 et
451 3185 557 3258 poterit
571 3184 704 3241 Naevius
717 3184 757 3250 id,
766 3185 841 3258 quod
853 3183 934 3250 libet,
948 3186 977 3238 et
986 3182 1016 3238 ei
1024 3182 1092 3238 iibe-

228 3283 281 3349 bit,
294 3285 368 3357 quod
383 3301 441 3340 uun
460 3283 545 3340 ficet:
566 3283 634 3356 quid
655 3282 799 3354 agendum
812 3277 880 3337 est?
899 3279 948 3354 qui
960 3281 1031 3337 deus
1044 3297 1093 3352 ap-

228 3382 379 3455 pellandus
395 3378 460 3439 est?
479 3382 561 3456 cujus
582 3380 707 3437 hominis
720 3377 822 3435 fidee⁰⁶
832 3379 1010 3451 imploranda
1025 3375 1092 3436 est?

229 3479 279 3555 qui
301 3480 423 3553 denique
438 3486 562 3554 questus,
582 3479 632 3555 qui
655 3497 771 3536 moeror
789 3480 893 3553 dignus
912 3480 1040 3537 inveniri
1061 3479 1097 3535 in*

258 3631 433 3694 waddiqcaser
424 3631 687 3750 ]Hicuuursfflrid
696 3633 772 3679 deesse
790 3631 1039 3679 indieautefizmess
1056 3629 1094 3690 qui

227 3690 389 3754 hicspatiumi
381 3689 586 3751 ruanereliuquuut,
664 3691 764 3738 etined
773 3691 839 3738 Rom.
852 3694 914 3739 1480
925 3695 965 3736 est.
1031 3741 1032 3744 Ἴ

227 3769 489 3890 plauznzgurunduatfd
520 3769 746 3832 Hirqunpn-lanma
754 3771 889 3818 eatinMss.
911 3757 1095 3830 densusquidarn
