2700 4675
555 578 781 637 PBfflfflO.
1051 615 1053 619 -
1066 602 1103 647 χι

151 781 154 785 -
236 749 348 826 traque
362 737 395 803 in
408 736 447 802 iis
466 736 581 821 jactari
603 738 754 802 librorum
769 735 959 822 scriptorum
973 737 1107 803 auotori-

227 833 344 903 -tatem,
367 835 404 890 ut
427 826 481 909 qui
505 824 673 889 abeodem
692 825 778 886 sonte
793 844 901 886 omnes
916 823 1003 888 varie
1018 825 1108 891 ducti

236 911 310 976 sint.
357 914 432 977 Non
446 910 633 992 ignoramus,
648 909 818 973 editionem
835 907 968 986 Zaroti,
984 910 1108 976 Medio·

235 997 405 1073 larensem,
432 995 678 1072 commemorari,
701 1016 782 1080 quae
804 994 845 1057 ad
867 996 947 1060 haec
967 1003 1111 1083 tempora

227 1082 411 1168 pertineat:
435 1082 495 1144 aed
520 1084 594 1166 qnia
614 1083 704 1146 nobis
720 1103 790 1145 eam
804 1082 914 1145 videre
929 1089 964 1145 el
978 1104 1110 1167 eognos-

237 1187 312 1231 cere
335 1190 397 1233 uon
419 1168 518 1244 licuit,
538 1168 615 1231 nihil
636 1168 677 1231 de
697 1190 737 1231 ea
759 1168 1022 1255 pronunciamus:
1050 1170 1111 1234 etsi

227 1261 345 1317 mostra
369 1275 426 1318 nos
450 1254 636 1339 conjectura
660 1254 752 1317 ducit
774 1275 833 1330 eo,¹
851 1262 886 1319 ut
911 1275 953 1318 ex
975 1255 1027 1318 illa
1041 1255 1113 1343 ipsa

229 1338 421 1404 -Minuciana
435 1340 563 1403 ductam
579 1340 788 1426 suspicemur.

281 1426 361 1490 Post
376 1425 588 1489 Minucianam
609 1446 685 1507 ergo
707 1428 809 1510 prima
823 1426 957 1490 Juntina
978 1446 1113 1491 comme·

236 1513 388 1577 moranda
410 1519 470 1587 est,
493 1533 574 1596 quae
597 1511 778 1575 Florentiae
793 1534 822 1576 a.
838 1518 932 1575 1515.
950 1518 981 1574 8.
1005 1521 1115 1577 curate

238 1608 290 1663 est
304 1620 362 1685 per
378 1598 457 1662 Nic.
473 1597 665 1682 Angelinm.
712 1598 750 1661 ln
764 1600 864 1661 forma
884 1598 1032 1661 universa
1046 1599 1114 1684 qui·

237 1684 476 1767 dem-sequitur
501 1685 553 1747 illa
574 1684 755 1768 superiores
772 1685 928 1760 Venetas,
951 1685 1114 1768 inquibus

238 1771 396 1834 orationes
420 1791 479 1856 pro
504 1769 640 1853 Fontejo
662 1776 698 1832 et
719 1771 841 1834 Roscio
864 1770 956 1834 Com·
972 1771 1116 1835 ultimum

234 1856 346 1920 locum
360 1862 537 1942 occupant:
561 1856 781 1939 orationesque
790 1857 948 1921 Verrinae
963 1856 1116 1941 peculiari

240 1942 398 2005 volumine
414 1941 672 2024 comprehensae,
689 1943 747 2004 sed
763 1942 876 2005 eodem
891 1962 971 2004 anno
987 1963 1028 2005 ex
1051 1962 1116 2006 res·

239 2045 296 2089 sae
312 2034 395 2103 sunt,
410 2027 601 2111 propriaque
617 2046 690 2089 cum
704 2027 909 2111 praefatione,
929 2047 991 2090 non
1040 2046 1117 2113 nge-

242 2109 297 2188 lii,
320 2112 410 2175 utin
433 2111 496 2186 illo,
522 2110 707 2198 sedipaius
730 2112 813 2174 Phil.
840 2112 971 2176 iustae.
1015 2112 1119 2185 Quod

243 2206 348 2261 autem
372 2198 413 2259 ad
439 2204 560 2260 textum
595 2198 771 2262 orationum
801 2199 921 2274 attinet,
952 2198 1118 2283 Angelius

239 2283 334 2360 dicit,
359 2304 393 2348 se
421 2284 659 2366 castigatissime
676 2285 719 2347 Α.
738 2282 864 2348 Golotii
885 2284 1009 2350 Codice
1024 2304 1117 2349 usum

241 2390 329 2446 esse,
355 2380 389 2433 et
413 2373 480 2435 aliis
502 2370 726 2434 vetustissimis
748 2372 1004 2456 exemplaribus:
1036 2390 1118 2453 quae

169 2512 172 2518 ⁴
242 2455 312 2519 sine
328 2456 425 2518 dubio
440 2456 674 2542 typographica
688 2454 831 2534 intelligit
844 2477 853 2528 ;
879 2477 940 2517 uec
955 2457 1014 2518 alia
1030 2456 1118 2518 intel·

243 2540 379 2621 ligimus,
403 2563 485 2623 quae
501 2542 523 2604 J
527 2548 602 2603 unta
621 2546 855 2614 commemorat,
870 2541 910 2602 ab
926 2541 1071 2626 Angelio
1087 2540 1120 2604 in

246 2625 394 2688 Vestinis
425 2623 614 2707 castigandis
640 2630 800 2709 usurpata,
829 2645 888 2710 per
914 2648 1006 2710 quae,
1031 2626 1120 2690 utin

245 2710 474 2795 superioribus,
499 2711 659 2775 innumera
682 2708 759 2773 vitia
781 2711 903 2775 sublata
926 2713 1006 2775 sint:
1038 2730 1120 2794 quae

247 2803 298 2858 est
320 2796 435 2858 usitata
460 2797 503 2860 illi
530 2797 625 2860 aetati
648 2796 854 2882 praedicatio,
879 2817 940 2860 uon
964 2797 1016 2860 illa
1029 2798 1120 2861 nimis

246 2880 417 2946 liberaliter
433 2883 643 2964 intelligenda.
691 2880 842 2945 Ceterum
859 2883 1001 2959 latemur,
1017 2904 1075 2947 nos
1089 2885 1122 2947 in

246 2967 300 3030 illa
313 2968 451 3031 editione
472 2969 646 3032 orationum
661 2968 773 3031 multas
788 2989 886 3030 novas
898 2977 931 3032 et
945 2969 1043 3031 bonas
1058 2970 1121 3032 lec·

248 3052 351 3117 tiones
367 3054 535 3138 reperisse,
563 3074 640 3138 quas
656 3053 751 3116 etiam
777 3053 912 3116 vidimus
928 3074 1025 3139 saepe
1041 3054 1122 3118 Vie-

249 3140 362 3202 torium
391 3140 486 3202 tacite
506 3148 658 3202 secutum
685 3159 768 3215 esse,
796 3139 849 3222 qui
862 3140 1026 3224 {profecto
1052 3160 1122 3207 eam

250 3223 420 3289 editionem
435 3246 497 3289 non
516 3225 620 3310 potuit
635 3225 788 3307 ignorare.
836 3225 948 3308 ltaque
965 3223 1122 3289 Graevius

248 3307 283 3370 in
313 3311 426 3373 talibus
455 3311 643 3375 lectionibus
683 3310 839 3373 interdum
872 3311 961 3386 dicit,
987 3312 1123 3397 primum

254 3391 435 3459 Victoriam
451 3397 498 3460 sic
511 3396 662 3470 edidisse,
674 3404 710 3458 nt
724 3417 757 3458 v.
771 3417 801 3458 c.
815 3395 896 3460 Sull.
913 3401 963 3459 19.
977 3397 1008 3460 in
1022 3397 1122 3460 serbo

252 3482 457 3564 regionibns,
473 3504 545 3546 cnm
567 3482 589 3544 J
593 3481 730 3544 uutinam
746 3482 797 3544 ille
822 3482 987 3564 ignoraret,
1007 3490 1043 3545 ut
1057 3481 1123 3545 edi·

253 3569 339 3628 tores
351 3566 423 3629 inde
439 3590 458 3631 a
473 3568 621 3632 Victorio
636 3587 764 3629 omnes:
791 3587 924 3650 quornm
938 3589 1030 3631 nemo
1041 3568 1123 3630 hanc

255 3652 280 3718 J
283 3653 420 3717 untinam
446 3655 617 3717 editionem
632 3661 853 3716 commemorat
868 3661 994 3739 praeter
1009 3651 1123 3716 Grute-

254 3760 334 3816 rum,
346 3740 387 3801 ad
402 3738 500 3805 Verr.
511 3740 558 3817 V,
570 3759 600 3800 e.
614 3743 666 3801 62.
680 3739 738 3800 sed
749 3739 1001 3824 reprehendendi
1018 3758 1124 3813 causa,

254 3847 328 3891 cum
342 3827 447 3893 multis
462 3829 541 3891 locis
563 3845 636 3891 cum
661 3825 754 3889 laude
777 3845 1019 3890 commemorare
1034 3831 1124 3910 potn-
