2700 4675
461 577 535 631 scr.
552 575 582 629 n.
598 572 887 629 mmsscmnos
1044 578 1106 644 ssi

232 728 349 787 subiate
363 743 423 787 uno
435 729 555 788 nomine
568 728 686 786 omnis:
706 729 744 786 de
762 733 912 786 conventu
930 740 966 784 sc
980 724 1109 800 negotis·

238 827 345 885 toribus
361 828 433 885 nuiii
446 827 573 900 judices.
616 828 763 900 Quantam
783 831 956 900 potestatem
969 824 1110 892 mouerit,

239 925 363 983 videtis:
386 943 457 1001 ques
471 942 516 984 res
529 925 661 1001 gesserit,
674 925 853 999 cognoscite.

280 1024 435 1082 Heraclius
448 1029 494 1082 est
507 1024 644 1082 Hieronis
657 1024 741 1091 fitius,
756 1025 965 1096 Syracusanus,
978 1022 1066 1078 homo
1077 1021 1109 1079 in
1123 1014 1163 1075 is

241 1121 344 1196 primic
360 1122 441 1180 domi
453 1138 522 1180 suae
534 1123 650 1190 nubitis,
663 1128 694 1180 ct
712 1128 781 1179 ante
794 1122 872 1179 hunc
886 1127 1046 1194 praetorem
1060 1121 1110 1177 vei

238 1220 494 1294 pecuniosissimus
508 1222 773 1295 Syracusanorum:
794 1236 873 1277 nunc
892 1220 973 1277 nulia
989 1219 1050 1275 siin
1061 1234 1110 1275 ca·

237 1319 382 1386 lumitate,
394 1319 451 1377 nisi
470 1320 554 1378 istius
576 1319 703 1379 esuritio
723 1323 809 1392 atque
830 1317 946 1391 injuria,
966 1315 1110 1390 psuperri·

238 1432 311 1474 mus.
365 1418 443 1476 Huic
466 1419 614 1476 hercditss
638 1417 726 1475 tacite
753 1417 791 1473 sd
816 1415 880 1473 H·S
902 1415 1001 1472 tricies
1026 1414 1111 1473 veuit

238 1519 414 1573 testamento
426 1517 578 1590 propinqui
592 1517 646 1583 sni,
661 1514 809 1573 Heraciii:
831 1516 918 1585 piens
930 1514 1032 1570 domus
1044 1529 1100 1570 cae

235 1614 289 1671 icti
303 1614 417 1688 argenti
430 1614 543 1686 optimi,
557 1616 723 1689 mnituequa
735 1615 879 1687 strsgoise
892 1612 991 1678 vestis,
1006 1611 1101 1685 pretio

238 1712 472 1788 sissimornmqne
496 1712 722 1786 mancipiorum:
743 1712 846 1788 quibus
867 1711 898 1769 in
920 1714 1004 1768 rebus
1025 1711 1109 1767 istius

239 1811 413 1883 cupiditates
426 1817 456 1869 et
469 1811 599 1869 insanias
611 1812 674 1885 quis
688 1807 822 1884 ignorat?
841 1810 913 1867 Erat
931 1809 964 1866 in
976 1825 1109 1866 sermons

243 1927 302 1976 res,
314 1927 449 1982 magnam
463 1909 603 1966 Heraoiio
621 1909 775 1980 pecnmm
787 1909 924 1963 venisse:
945 1923 1004 1963 non
1016 1909 1109 1963 soiurn

241 2007 412 2065 Heraclium
433 2006 567 2072 divitem,
587 2006 639 2062 sed
660 2004 751 2062 etiam
775 2013 908 2062 ornatum
925 2002 1111 2076 supellectili,

238 2110 369 2178 argento,
384 2110 476 2171 veste,
488 2103 641 2176 mancipiis
652 2103 785 2161 futurum.
828 2102 918 2159 Audit
933 2102 1007 2158 haec
1020 2100 1111 2160 etiarn

240 2202 367 2260 Verres:
388 2207 419 2260 et
432 2202 534 2276 primo,
546 2203 599 2259 iiio
612 2219 665 2258 suo
679 2201 791 2258 leviore
803 2200 927 2257 artificio
941 2200 1111 2259 Heraclium

240 2300 358 2377 aggredi
370 2307 501 2368 conatur,
514 2306 547 2359 ut
565 2318 632 2359 enm
653 2304 736 2375 roget
756 2298 947 2372 inspicienda,
961 2316 1035 2375 qnae
1048 2316 1109 2358 non

241 2403 351 2459 reddat.
371 2400 478 2459 deinde
491 2418 510 2457 a
522 2401 693 2473 quibusdam
708 2398 900 2472 Syracusanis
920 2401 1108 2455 admonetur:

237 2499 392 2557 hiantem
416 2498 532 2573 quidam
558 2502 643 2555 erunt
665 2498 767 2554 udices
788 2497 882 2564 istius,
905 2514 1025 2571 quorum
1051 2497 1108 2554 iste

237 2614 344 2655 uxores
366 2612 520 2669 numquam
529 2572 650 2655 ‘dianas
670 2595 863 2663 existimavit,
883 2596 1057 2653 Cleomenes
1077 2599 1108 2653 et

241 2693 404 2754 Aeschrio:
424 2696 473 2769 qui
486 2700 623 2769 quantum
643 2696 719 2768 epod
731 2694 827 2762 istum,
839 2701 871 2751 et
883 2711 969 2769 quam
982 2694 1057 2769 turpi
1070 2696 1107 2751 de

233 2809 322 2852 cansa
331 2793 485 2867 potuerint,
494 2810 532 2850 ex
542 2793 658 2868 retinnis
666 2794 836 2851 criminibus
844 2794 1026 2868 intelligetis.
1054 2793 1106 2861 Hi,

237 2898 271 2952 nt
283 2892 360 2959 dico,
383 2892 531 2949 hominem
551 2893 728 2961 sdmouent:
747 2910 809 2950 rem
831 2910 895 2950 esse
919 2894 1106 2966 praeclaram,

236 2991 371 3050 refertam
383 2991 517 3049 omnibus
531 2992 632 3047 rebus:
654 2990 747 3064 ipsum
756 2999 854 3049 autem
869 2990 1046 3056 Heraclium,
1057 2991 1105 3047 iro

234 3090 345 3147 minem
355 3107 419 3146 esse
430 3089 571 3162 majorem
582 3096 660 3155 natu,
671 3107 731 3146 non
739 3089 978 3162 promtissimam:
998 3095 1028 3148 et
1039 3107 1105 3148 eum

236 3194 351 3260 praeter
365 3187 531 3254 Marcellos,
554 3192 715 3261 patronum,
734 3185 848 3262 “quem
864 3188 931 3262 jure
953 3206 1005 3246 suo
1025 3189 1105 3245 edire

238 3290 289 3343 snt
311 3288 457 3358 appeiisrc
480 3288 581 3360 possit,
605 3287 714 3344 habere
737 3288 903 3345 neminem:
934 3306 999 3344 esse
1018 3288 1049 3344 in
1069 3303 1107 3342 eo

236 3388 421 3450 testamento,
441 3402 497 3458 quo
518 3385 570 3441 iiie
589 3384 673 3442 ireres
687 3390 774 3453 esset,
787 3386 936 3459 scriptum,
949 3393 979 3441 nt
993 3389 1105 3441 statuas

235 3480 268 3539 in
282 3484 423 3555 psiaestra
436 3484 556 3540 deberet
569 3500 686 3556 ponere.
706 3483 856 3551 iaciemus,
873 3492 904 3542 nt
920 3481 1106 3557 palaestritae

236 3585 394 3653 negentsx
404 3586 647 3639 testamentoessc
658 3581 782 3655 positas:
797 3589 899 3656 petant
907 3580 1106 3648 hereditatem,

235 3729 412 3844 m.
424 3734 538 3793 «μαψ
549 3733 633 3796 poscit]
664 3734 702 3783 Sic
717 3735 1005 3795 oemxivmzatunrmst
1018 3732 1106 3793 “¹³80
