2700 4675
271 521 311 584 η
633 517 759 568 oharto

268 665 393 728 avaritia
400 670 531 740 erumpat
543 665 683 724 andreia:
704 665 774 724 indo
786 665 889 730 omnia
903 671 1028 734 roalara
1041 687 1079 732 aa
1095 689 1144 732 na·

269 767 366 826 letioia
379 766 543 841 gignuntur.
584 765 658 822 Vita
671 768 768 822 autem
783 765 859 822 haee
880 766 1009 838 rustica,
1022 776 1146 846 quamtn

269 871 411 939 agrestem
435 883 534 932 rosas,
567 862 767 936 parsimoniae,
797 862 992 938 diligentiae,
1017 868 1144 942 justitian

215 951 405 1038 2Βιιιιιςίιὶη
418 967 471 1020 est.
512 962 623 1019 Verum
636 962 710 1018 haee
735 959 924 1022 missataoio.
972 966 1144 1043 lllndqnas·

269 1079 316 1118 ro:
336 1061 362 1118 is
380 1060 476 1126 homo,
494 1059 552 1132 qui,
574 1065 605 1116 ut
619 1063 679 1116 tute
693 1057 777 1128 diois,
788 1076 951 1134 numquam
966 1062 1050 1122 inter
1063 1064 1145 1128 hom

267 1177 320 1218 naa
337 1156 432 1224 luerit,
453 1174 504 1229 per
516 1173 586 1231 quos
599 1157 731 1216 homines
746 1158 801 1214 hoo
812 1162 929 1216 tanturm
945 1159 1078 1232 lacinus,
1091 1168 1145 1222 rm

266 1258 421 1324 oecultum,
429 1258 533 1314 absens
543 1254 719 1330 praesertim,
727 1255 872 1314 conticere
882 1258 1043 1330 potuerit?
1059 1262 1147 1324 Mults

266 1362 334 1416 suut
355 1356 437 1424 talsa,
451 1356 576 1429 judiees,
597 1371 670 1429 quae
695 1360 793 1412 tamen
806 1354 887 1428 argui
900 1358 1076 1431 suspiciose
1089 1377 1145 1435 pos

267 1461 343 1514 sunt.
357 1455 445 1514 inhia
458 1457 542 1512 rahus
552 1453 710 1526 sisuspieio
720 1457 833 1526 reperta
842 1453 907 1522 erit,
916 1458 1045 1531 eulpam
1056 1459 1147 1526 ineu

267 1555 437 1611 concedam.
478 1553 590 1609 Romae
616 1553 688 1608 Sex.
703 1550 826 1610 Roscius
846 1551 1008 1625 oooiditur,
1031 1559 1146 1626 eumin

267 1667 337 1724 agro
354 1649 496 1706 Amerino
509 1655 586 1706 esset
603 1649 689 1706 fitius.
711 1650 830 1718 litteras,
844 1651 947 1721 eredo,
961 1655 1147 1718 misianum

266 1746 380 1816 sicario,
403 1747 453 1821 qui
474 1747 584 1804 Romae
609 1753 732 1806 noverat
758 1747 916 1807 neminem.
974 1755 1145 1816 Aroesairit

265 1845 399 1922 aliquem.
419 1851 449 1904 at
462 1843 599 1921 quando?
626 1845 768 1905 Nuntium
782 1844 869 1904 misit.
889 1849 1010 1922 quem?
1040 1855 1146 1916 autad

265 1945 374 2022 quem?
394 1946 502 2014 Pretio,
513 1946 614 2020 gratia,
628 1964 689 2020 spe,
702 1944 848 2019 promissis
861 1944 1144 2028 induxitaliquemt
1178 1985 1186 2000 .

266 2046 340 2106 nihil
367 2048 467 2104 horum
493 2063 531 2102 ne
555 2044 683 2119 confingi
709 2043 825 2119 quidem
847 2048 963 2116 potest:
989 2053 1023 2107 et
1047 2055 1146 2114 tamen

266 2157 354 2198 eausa
373 2143 409 2198 de
429 2142 584 2213 parricidio
606 2142 721 2200 dieitur.
772 2141 926 2216 Reliquum
954 2150 1012 2214 est,
1036 2155 1071 2209 ut
1095 2167 1144 2225 par

267 2253 367 2294 servos
375 2237 405 2294 id
419 2237 575 2294 admiserit.
616 2238 643 2294 0
654 2239 697 2295 dii
711 2239 903 2298 immortalest
925 2258 991 2302 rem
1004 2247 1146 2318 miseram

268 2339 299 2395 et
312 2333 520 2395 calamitosam.
541 2339 616 2411 quod
629 2337 661 2395 in
675 2339 727 2395 tati
740 2338 861 2397 erimine
882 2339 1044 2405 innocenti
1058 2348 1145 2407 salutl

268 2438 342 2495 solet
361 2454 434 2506 esse,
457 2441 489 2495 ut
512 2454 612 2494 servos
634 2437 666 2494 in
689 2437 886 2511 quaestionem
909 2441 1144 2517 pellicearum

269 2538 340 2595 Sex.
352 2536 459 2594 Rosoio
471 2536 566 2595 fauere
579 2553 637 2593 non
650 2535 730 2593 licet.
751 2553 814 2604 vos,
824 2536 873 2610 qui
887 2538 967 2599 huna
980 2547 1141 2615 accusatis,

267 2650 367 2693 omnes
381 2634 441 2704 ejus
455 2651 554 2691 servos
567 2634 690 2691 habetis.
711 2652 784 2692 unua
797 2652 875 2707 puer,
896 2637 994 2697 vintrus
1016 2644 1142 2717 quotidi-

267 2729 317 2787 ani
338 2729 515 2797 administer,
534 2736 667 2789 extante
685 2732 795 2789 familia
809 2735 880 2790 Sex.
895 2734 1005 2795 Roscio
1019 2740 1144 2805 relictus

266 2845 326 2887 non
339 2833 392 2886 est.
434 2829 483 2887 'lle
504 2847 581 2889 uuna
603 2832 727 2903 appello,
747 2831 780 2886 P.
805 2832 914 2905 Scipio,
938 2838 980 2902 te,
1001 2834 1140 2909 Metella,

266 2929 349 2987 vohis
370 2929 531 2995 advocatis,
546 2929 631 2989 vohis
653 2929 814 3003 agentibus,
827 2930 979 3005 aliquoties
992 2934 1072 2993 duos
1086 2954 1140 2995 ser·

264 3044 318 3083 vos
328 3032 462 3098 paternos
476 3027 507 3083 in
521 3026 720 3099 quaestionem
733 3030 770 3084 ab
783 3027 956 3087 adversariis
972 3031 1049 3090 Sex.
1066 3036 1137 3093 Ros

263 3121 326 3179 eius
340 3121 505 3192 postulavit.
545 3121 747 3182 Meministine
766 3130 805 3193 te,
815 3126 854 3182 Τ.
867 3124 966 3194 Rosci,
973 3130 1137 3191 recusarat

265 3215 368 3291 Quid?
399 3217 421 3273 ii
447 3218 525 3277 servi
560 3220 610 3275 ubi
631 3221 723 3280 sunt?
756 3224 986 3298 Chrysogonum,
1004 3226 1138 3299 judices,

264 3320 429 3374 sectantur:
457 3318 533 3391 apud
557 3336 623 3377 eum
644 3326 711 3377 sunt
735 3321 766 3378 in
790 3323 898 3379 honore
922 3323 1006 3381 etin
1032 3330 1139 3399 pretio.

264 3415 362 3474 Etiam
375 3430 462 3482 nunc,
475 3419 507 3472 ut
520 3436 558 3473 ex
572 3417 617 3473 his
627 3423 785 3491 quaeratur,
797 3437 851 3491 ego
861 3421 989 3491 postulo;
1010 3422 1064 3483 hio
1074 3432 1138 3487 orat

263 3520 348 3591 atque
362 3514 503 3572 obsecrat.
545 3515 622 3587 Quid
646 3514 768 3573 facitis?
787 3533 838 3573 our
859 3516 1019 3577 recusatis?
1042 3523 1139 3585 Dubi-

263 3617 323 3672 tate
345 3613 432 3672 etiam
454 3629 542 3680 nuno,
560 3612 684 3687 judiees,
705 3615 730 3671 si
754 3613 912 3688 potestis,a
932 3632 990 3688 qno
1003 3618 1045 3676 sit
1063 3624 1136 3681 Sex.

264 3712 386 3773 Roscius
400 3711 531 3769 occisus:
552 3712 588 3767 ah
612 3728 696 3779 eone,
709 3713 766 3786 qui,
780 3716 895 3786 propter
906 3712 985 3769 illius
1000 3725 1139 3791 mortem,

263 3813 296 3871 iu
309 3817 436 3886 egestate
450 3815 481 3869 et
503 3807 616 3871 insidiis
630 3815 768 3879 versatur,
788 3809 836 3867 oui
850 3827 887 3866 ne
900 3816 1064 3884 quaerendi
1078 3819 1140 3897 qut-
