2700 4675
290 509 352 570 144
579 496 857 552 rnacsncnruss

287 651 348 721 ille,
356 653 441 725 atque
450 647 529 707 illius
539 648 636 716 amici,
644 652 677 705 nt
689 665 727 704 ne
736 647 809 703 baec
819 643 894 704 milri
906 641 930 676 ¹²
938 645 1058 706 delatio
1068 647 1162 707 detur?

288 752 363 809 Sunt
376 751 477 817 multa,
489 764 563 823 quse
576 747 685 803 Verres
706 745 738 802 in
751 761 799 801 me
822 761 888 800 esse
907 743 1082 815 arbitratur,
1095 764 1157 823 quse

285 849 343 906 scit
356 849 388 905 ln
412 853 450 914 te,
471 847 508 917 Q.
524 844 647 912 Caecili,
661 862 719 901 non
733 859 817 899 esse:
842 857 920 915 qnae
947 841 1113 918 cuiusmodi
1129 845 1155 902 in

285 951 404 1019 utroque
434 948 562 1001 nostrum
585 942 653 1009 sint,
684 943 783 1015 paullo
815 943 883 1015 post
914 945 1153 1003 commemorabo.

286 1043 375 1100 Nunc
388 1045 500 1098 tantum
513 1040 544 1096 id
563 1039 668 1106 dicam,
687 1041 763 1113 quod
784 1038 890 1097 tacitus
913 1046 948 1097 tn
969 1041 1048 1099 mihi
1069 1060 1152 1100 assen-

285 1140 375 1197 tiare:
396 1140 507 1197 nullam
520 1156 581 1196 rem
594 1138 626 1195 in
640 1155 687 1195 me
708 1155 781 1205 esse,
803 1154 888 1213 quum
904 1137 958 1195 ille
972 1144 1150 1199 contemnat:

283 1240 394 1298 nullam
407 1238 439 1296 in
453 1243 492 1306 te,
506 1255 592 1313 quam
610 1236 804 1311 pertimescat.
846 1237 951 1310 Itaque
971 1254 1094 1312 magnus
1106 1238 1148 1295 ille

284 1338 417 1396 delensor
429 1342 461 1395 et
473 1336 583 1394 amicus
603 1335 664 1410 ejus
677 1335 731 1393 tibi
752 1331 960 1391 ¹³Hortensius
980 1337 1148 1412 suffragatur,

285 1454 332 1493 me
352 1442 514 1509 oppugnat3
535 1438 634 1508 aperte
657 1434 695 1490 ab
709 1431 857 1516 judicibus
876 1431 964 1504 petit,
987 1441 1022 1491 ut
1043 1440 1074 1491 tu
1086 1432 1147 1491 mili

284 1535 477 1605 anteponere:
498 1537 529 1589 et
542 1533 592 1599 ait,
612 1532 669 1588 hoc
682 1549 714 1587 se
728 1531 860 1598 honeste,
880 1529 948 1587 sine
961 1532 1024 1589 ulla
1038 1531 1148 1599 invidia,

284 1648 319 1686 ac
333 1629 397 1685 sine
407 1632 468 1686 ulla
480 1629 639 1686 offensione
650 1630 836 1685 contendere.
868 1628 940 1685 Non
954 1629 1048 1699 enim,
1057 1629 1147 1704 iuquit,

283 1729 355 1785 illud
367 1732 442 1801 peto,
453 1728 528 1803 quod
541 1730 630 1793 soleo,
643 1743 711 1783 cum
722 1726 926 1783 vehementius
941 1729 1093 1798 contendi,
1104 1727 1146 1784 im·

283 1832 404 1902 petrare,
423 1843 487 1885 reus
510 1830 542 1884 ut
563 1827 739 1892 absolvatur,
756 1841 815 1882 non
829 1827 915 1897 peto:
936 1827 991 1883 sed
1004 1832 1038 1884 ut
1051 1829 1087 1884 ab
1099 1827 1146 1883 boc

282 1926 387 2001 potins,
398 1943 484 2000 qnam
496 1928 533 1982 ab
546 1925 598 1981 illo
608 1927 766 1993 accusetur,
774 1923 804 1980 id
815 1926 892 1996 peto.
937 1924 989 1982 Da
999 1926 1074 1983 mibi
1084 1926 1146 1982 boc:

282 2029 422 2092 concede,
444 2027 518 2099 quod
542 2025 628 2081 lacile
649 2029 703 2092 est,
724 2024 800 2095 quod
820 2023 988 2091 honestum,
1008 2027 1083 2100 quod
1095 2039 1146 2082 non

282 2121 475 2180 invidiosum:
496 2123 570 2194 quod
584 2138 650 2178 curn
664 2120 786 2189 dederis,
805 2120 869 2179 sine
882 2119 938 2178 illo
951 2125 1006 2179 tuo
1018 2123 1145 2196 periculo.

281 2216 346 2275 sine
360 2217 479 2274 infamia
494 2217 566 2274 illud
585 2219 708 2287 dederis,
720 2224 753 2276 ut
765 2219 790 2275 is
804 2220 984 2288 absolvatur,
1005 2221 1087 2295 cujus
1099 2233 1146 2293 ego

282 2334 369 2376 causa
383 2318 488 2374 laboro.
529 2317 569 2375 Et
582 2316 624 2374 ait
636 2317 724 2387 idem,
733 2323 767 2376 ut
778 2316 882 2393 aliquis
895 2322 995 2376 metus
1004 2319 1145 2394 adjunctus

282 2417 320 2475 sit
331 2419 368 2475 ad
377 2417 516 2492 gratiam:
537 2414 558 2448 ¹⁴
566 2421 661 2474 certos
672 2434 736 2475 esse
749 2417 781 2474 in
794 2416 929 2484 consilio,
940 2418 1049 2493 quibus
1060 2422 1144 2475 osten-

281 2515 312 2571 di
326 2518 446 2573 tabellas
460 2516 543 2572 velit.
565 2514 595 2571 id
614 2533 677 2572 esse
692 2514 838 2588 perfacile.
853 2530 913 2571 non
928 2515 1013 2573 enim
1027 2517 1145 2591 singna

280 2611 353 2667 terre
374 2612 543 2679 sententias,
557 2613 609 2669 sed
631 2612 782 2670 universos
803 2611 1005 2670 constituere:
1027 2618 1144 2673 ceratem

280 2708 433 2785 unicuique
448 2712 584 2767 tabellam
602 2711 665 2768 dari
679 2727 747 2767 cera
759 2709 898 2784 legitima,
912 2728 975 2769 non
989 2713 1045 2771 illa
1053 2707 1143 2771 infant

279 2825 314 2865 ac
328 2809 446 2866 nefaria.
489 2810 587 2884 Atque
598 2809 623 2866 is
633 2827 692 2867 non
706 2814 766 2865 tum
778 2825 881 2882 proper
889 2809 1021 2869 Verrem
1034 2812 1142 2876 laborat.

278 2924 362 2980 quam
385 2909 548 2983 quodcum
571 2907 691 2965 minime
715 2924 760 2963 res
780 2910 841 2963 tota
862 2907 1009 2968 delectat.
1060 2908 1142 2967 vicet

306 3057 328 3088 ¹2
337 3058 416 3126 deletio
424 3059 508 3127 delun]
528 3061 598 3106 Ratio
611 3065 736 3122 temporum
749 3060 839 3108 videtur
853 3059 970 3121 postulare
990 3063 1092 3120 ἀπών,
1108 3057 1140 3108 sd

276 3116 453 3219 peffltepltnrlntellrgr
463 3120 596 3166 contendunt
614 3119 638 3165 in
654 3120 773 3180 praesenti,
791 3134 857 3180 panas
869 3120 910 3166 tlte
924 3124 946 3167 et
955 3119 1008 3179 ejus
1024 3136 1093 3251 aas?
1099 3131 1139 3166 aa

305 3250 326 3283 ¹³
335 3250 478 3314 Hortensius]
494 3253 578 3300 abesta
587 3254 648 3302 libris
660 3256 778 3313 nonnullis,
786 3260 813 3304 ut
822 3255 866 3303 Gn.
877 3255 999 3318 omisitque
1009 3257 1121 3307 Graeviu-

305 3328 326 3361 ¹⁴
335 3334 401 3376 certos
410 3345 452 3377 esse
461 3332 487 3379 ia
497 3333 603 3393 conclis]
633 3335 707 3381 Ionis
716 3334 816 3392 difficilis,
825 3348 867 3381 nee
876 3334 930 3380 satis
945 3334 975 3382 ab
989 3334 1138 3400 interpretibus

276 3387 403 3458 explicatus.
435 3391 513 3438 Sensus
533 3396 581 3437 est:
609 3393 674 3438 certis
688 3393 798 3450 judicibus
817 3407 864 3440 esse
880 3394 1024 3453 mandatum,
1044 3401 1077 3452 ut,
1095 3406 1137 3441 can

275 3446 369 3495 universi
385 3455 546 3507 consurgerent,
557 3451 586 3496 ad
605 3452 700 3497 tabellas
718 3452 741 3496 in
756 3452 834 3498 cistam
848 3451 979 3510 mittendas,
997 3456 1060 3517 quod
1068 3454 1091 3501 iu
1102 3448 1137 3499 tali

275 3522 340 3554 eausa
359 3509 427 3562 ficret,
438 3506 568 3567 inspicerent
578 3509 670 3556 tabellas
679 3525 761 3566 comm,
772 3510 849 3571 quibus
937 3511 959 3558 'a
968 3512 1029 3559 data
1037 3516 1101 3568 emet
1114 3510 1136 3555 lli

274 3566 382 3621 riderent,
393 3579 422 3610 an
430 3565 553 3612 Caecilium
563 3573 711 3615 accusatorem
726 3569 837 3616 dicerent:
852 3525 990 3639 iffieo
1000 3572 1033 3617 sic
1043 3580 1137 3633 praestit·

273 3627 321 3670 tam
331 3638 378 3671 asse
387 3623 420 3681 iis,
431 3624 467 3684 qui
478 3624 593 3684 pecuniam
602 3628 742 3688 accepissent,
752 3633 777 3673 ut
786 3629 824 3674 uui
834 3643 861 3674 ex
870 3628 905 3683 irs,
915 3629 956 3688 qui
970 3629 1021 3676 scil.
1032 3627 1135 3690 proxim

272 3688 337 3740 esset,
352 3684 501 3730 ostenderent.
532 3683 610 3744 ltaque
619 3701 663 3732 non
678 3702 733 3747 opus
750 3686 817 3734 luisse
824 3685 913 3733 tabellis
928 3701 982 3733 cera
999 3687 1085 3734 notatis
1100 3684 1137 3729 db·

270 3740 348 3845 ffi'
358 3747 384 3790 ut
392 3743 415 3789 in
424 3739 514 3849 ῖώῗΗῑε
527 3744 665 3794 accersendis
679 3751 703 3793 et
711 3745 850 3795 numerandis
866 3743 927 3792 cerui
942 3752 1030 3808 posset,
1040 3761 1069 3795 an
1078 3743 1135 3792 tuln

286 3812 300 3842 a
356 3815 486 3850 semassen.
