2700 4675
467 593 541 645 sor.
558 595 588 642 u.
604 593 702 643 arasa
715 592 846 643 rannus.
1034 593 1098 656 213

226 731 414 816 ”confugisse
428 741 547 809 Delum,
560 750 646 817 atque
659 742 702 799 ibi
723 740 892 813 Apollinem
913 735 1098 812 Dianamque

228 839 392 911 peperisse:
414 855 471 912 qua
484 858 521 896 ex
535 840 674 912 opinione
689 837 838 894 hominum
859 836 925 903 illa,
934 835 1029 892 insula
1052 853 1098 892 eo·

228 954 291 993 rum
305 938 423 993 deorum
445 953 529 999 sacra
546 941 682 1009 putatur:
703 941 840 1009 tantaque
864 918 925 1007 ejus
943 932 1098 990 auctoritas

227 1034 378 1107 religionis
393 1040 423 1091 et
437 1039 490 1101 est,
504 1039 535 1091 et
547 1051 661 1106 semper
673 1033 736 1101 luit,
750 1037 781 1089 ut
795 1051 832 1089 ne
847 1033 953 1089 Persae
971 1031 1097 1106 quidem,

230 1148 297 1189 curn
312 1134 418 1190 bellum
429 1133 482 1189 toti
498 1131 650 1199 Graeciae,
663 1132 719 1189 diis
744 1131 963 1204 hominibusque
977 1120 1097 1199 ir'rdixis-

229 1234 304 1298 sent,
331 1234 360 1286 et
387 1232 466 1289 mille
490 1248 609 1288 numero
628 1230 748 1287 navium
775 1232 899 1290 classem
926 1231 963 1286 ad
987 1229 1097 1289 Delum

228 1327 414 1400 appulissent,
437 1329 590 1404 quidquam
619 1333 794 1387 conarentur
824 1332 874 1385 aut
906 1327 1024 1393 violare,
1048 1332 1098 1384 aut

228 1426 377 1500 attingere.
419 1428 485 1485 Hoc
499 1433 530 1485 tu
544 1429 642 1485 tanum
655 1426 834 1500 depopulari,
853 1427 940 1482 homo
950 1424 1098 1496 improbis·

226 1524 308 1593 sime,
322 1531 407 1600 atque
421 1527 628 1594 amentissime,
642 1522 789 1583 audebas?
808 1523 862 1581 suit
876 1526 935 1580 ulla
954 1523 1097 1596 cupiditas

224 1626 315 1691 tanta,
341 1631 414 1698 'quae
440 1630 551 1682 tantam
579 1625 778 1698 exstingueret
800 1620 992 1698 religionem?
1012 1627 1051 1690 et,
1070 1620 1097 1679 si

225 1725 287 1778 tum
300 1723 373 1779 haec
387 1741 447 1780 non
468 1724 627 1798 cogitabas,
651 1741 689 1781 ne
709 1733 786 1780 nunc
801 1722 915 1796 quidem
929 1720 1097 1790 recordaris,

225 1821 336 1876 nullum
350 1840 413 1878 esse
427 1829 539 1879 tantum
553 1825 669 1889 malum,
684 1824 760 1895 quod
776 1828 833 1878 n'on
848 1820 903 1877 tibi
916 1838 967 1892 pro
981 1818 1096 1875 sceleri·
1207 1861 1209 1866 .

225 1920 279 1975 bus
300 1920 355 1976 tuis
364 1921 477 1992 jamdiu
500 1917 658 1977 debeatur?
679 1922 716 1976 ln
732 1918 834 1975 Asiam
857 1935 926 1973 vero
947 1923 1096 1989 postquam
1109 1899 1148 1957 ¹9

225 2018 320 2083 venit,
334 2018 401 2090 quid
416 2035 470 2089 ego
485 2018 628 2073 adventus
639 2017 721 2073 istius
733 2016 862 2088 prandia,
873 2031 989 2081 coenas,
1000 2031 1097 2087 equos,

225 2131 402 2188 muneraque
416 2112 659 2180 commemorem?
681 2114 765 2171 Nihil
783 2131 849 2171 cum
863 2114 957 2169 Verre
973 2115 1010 2170 de
1031 2130 1097 2188 quo·

223 2212 343 2270 tidianis
357 2213 526 2271 criminibus
540 2218 653 2271 acturus
667 2231 739 2270 sum.
782 2213 858 2270 chio
871 2231 923 2286 per
936 2212 996 2269 vim
1012 2215 1096 2286 signa

224 2311 417 2386 pulcherrima
430 2311 497 2370 dico
517 2313 687 2371 abstulisse:
709 2313 780 2370 item
799 2312 941 2385 Erythris,
962 2319 991 2369 et
1015 2312 1096 2369 Hali·

223 2427 368 2468 camasso.
410 2412 535 2469 Tenedo
554 2409 718 2486 (praetereo
738 2411 900 2483 pecuniam,
921 2429 1006 2482 quam
1042 2410 1096 2466 eri·

224 2506 302 2585 puil)
323 2510 439 2571 Tenem
454 2510 557 2580 ipsum,
571 2508 622 2580 qni
635 2508 711 2581 apud
726 2507 877 2563 Tenedios
897 2495 1095 2563 sanctissimus

224 2607 308 2665 Deus
332 2607 461 2673 habetur,
483 2605 532 2679 qui
559 2606 657 2660 urbem
681 2604 762 2660 illam
792 2604 898 2660 dicitur
921 2605 1096 2673 condidisse,

223 2705 308 2776 cujus
328 2722 366 2760 ex
388 2704 506 2761 nomine
532 2703 671 2759 Tenedus
698 2702 876 2759 nominatur:
897 2703 974 2761 hunc
992 2704 1095 2776 ipsum,

222 2804 352 2877 inquam,
367 2803 493 2869 Tenem,
508 2801 700 2875 pulcherrime
712 2801 828 2866 lactum,
842 2818 927 2873 quem
951 2804 1095 2875 qnondam

221 2898 281 2958 ⁴⁰in
296 2900 415 2958 comitio
438 2900 564 2966 vidistis,
588 2898 706 2955 abstulit
727 2915 832 2970 magno
845 2915 911 2955 cum
924 2900 1034 2973 gemitu
1055 2899 1095 2957 ci-

221 2998 330 3057 vitatis.
372 3001 429 3056 illa
461 3016 534 3056 vero
565 2996 745 3071 expugnatio
767 2996 829 3053 lani
852 2995 1043 3070 antiquissimi
1064 3002 1094 3055 et

223 3097 395 3155 nobilissimi
420 3097 544 3154 lunonis
571 3096 699 3163 Samiae,
723 3112 808 3169 quam
829 3096 959 3151 luctuosa
988 3096 1093 3154 Samiis

222 3192 300 3251 suit?
320 3212 404 3267 quam
415 3198 520 3252 acerba
532 3195 587 3252 toti
605 3192 720 3251 Asiae?
738 3210 824 3267 quam
838 3196 917 3251 clara
936 3196 1011 3267 apud
1035 3214 1094 3254 om-

222 3288 299 3350 nes?
318 3308 401 3362 quam
416 3292 526 3348 nemini
540 3291 669 3349 vestriim
683 3288 834 3349 inaudita?
854 3293 891 3347 de
912 3310 967 3367 qua
987 3312 1093 3368 expug-

221 3388 343 3449 natione
357 3404 424 3445 cum
437 3388 526 3460 legati
540 3391 577 3446 ad
598 3388 633 3447 G.
657 3389 805 3446 Neronem
822 3388 853 3445 in
878 3390 980 3447 Asiam
1006 3392 1095 3450 Samo

253 3541 276 3576 ³⁹
291 3541 536 3645 coqftqgisssltalamq
560 3540 597 3587 stc
606 3541 658 3610 edd.
674 3546 751 3611 prqut
766 3556 811 3589 nmr
821 3546 878 3595 esset
894 3558 949 3604 opus
967 3545 1095 3613 coniectura

222 3600 372 3649 Hotomanus.
406 3600 474 3646 Aldus
484 3600 520 3644 edr
536 3599 685 3656 eratsugrsse.
702 3615 733 3646 uc
742 3605 765 3646 et
778 3601 834 3647 Mes.
867 3602 950 3648 Noster
960 3603 1092 3659 confugisse.

253 3681 276 3714 ⁴⁰
290 3680 318 3725 in
327 3678 431 3738 comitia]
462 3678 552 3738 Nempe
559 3677 582 3723 in
591 3676 649 3723 ludis
658 3677 797 3734 circensibus,
812 3680 890 3741 quibus
906 3681 977 3725 sonum
996 3686 1020 3722 et
1034 3679 1093 3737 viae,

221 3754 267 3802 qua
287 3753 368 3800 pompa
388 3737 443 3791 ibat,
459 3736 595 3784 ornabantur
614 3735 688 3798 signis,
705 3737 757 3784 nudi
773 3754 807 3793 ue,
823 3740 891 3785 etiam
909 3753 922 3783 e
943 3736 1093 3784 remotissimis

221 3797 348 3861 prouinciis,
366 3794 510 3856 comportatis
529 3794 662 3841 ornabaturr
679 3797 737 3842 unde
748 3753 832 3854 florum
850 3801 955 3842 ornatam
974 3800 1007 3839 est
1025 3795 1094 3843 etiam

221 3857 282 3922 apud
290 3860 397 3918 notrum,
407 3854 547 3915 itamsonsm
556 3854 709 3923 mandumque
716 3857 858 3907 mans.
869 3868 891 3901 v.
902 3853 967 3902 Clau.
979 3852 1091 3913 insuram,
