2700 4675
489 542 868 594 acuuurannrnmus.
1048 550 1109 611 2⁵1

246 689 358 748 Romae
385 707 507 765 aequum
531 698 584 759 est,
597 692 675 749 aliud
700 693 731 750 in
757 689 883 750 Sicilia?
909 689 1012 749 ”Non
1034 692 1114 750 enim

246 791 303 846 boc
320 795 412 861 potest
426 790 559 848 hocloco
571 791 642 859 dici,
655 794 746 849 multa
766 808 830 846 esse
844 791 876 847 in
889 789 1049 862 provinciis
1063 790 1115 847 ali·

247 891 292 944 ter
305 887 465 944 edicenda:
486 906 545 946 nou
558 891 596 946 de
618 890 811 946 hereditatum
823 888 939 963 quidem
960 888 1114 961 possessio·

246 987 341 1053 nibus,
355 1004 414 1043 nou
428 988 465 1043 de
479 986 631 1044 mulierum
644 987 859 1044 hereditatibus.
900 988 929 1043 N
932 1004 980 1043 am
994 992 1113 1060 utroque

245 1101 354 1158 genere
368 1086 456 1143 video
471 1103 528 1143 non
542 1087 628 1143 modo
637 1091 758 1152 ceteros,
771 1086 822 1140 sed
837 1084 973 1156 teipsum
990 1085 1112 1141 totidem
1160 1072 1165 1082 ’

245 1184 343 1240 verbis
357 1183 492 1250 edixisse,
502 1190 570 1257 quot
584 1183 680 1255 verbis
690 1183 766 1241 edici
779 1184 889 1240 Romae
899 1186 983 1240 solet
1026 1184 1109 1254 Qube

246 1282 357 1339 Romae
371 1299 553 1357 magnacum
567 1281 695 1350 infamia,
709 1283 803 1355 pretio
818 1287 951 1354 accepto,
964 1281 1108 1349 edixeras,

244 1397 279 1438 ea
292 1383 354 1455 sola
377 1386 416 1448 te,
430 1400 467 1439 ne
489 1382 579 1456 gratis
600 1381 633 1437 in
657 1380 809 1454 provincia
834 1382 909 1437 male
933 1380 1056 1445 audires,
1069 1396 1110 1435 ex

242 1479 339 1536 edicto
354 1479 504 1537 Siciliensi
518 1479 667 1536 sustulisse
684 1479 779 1536 video.
821 1480 869 1545 Et,
892 1495 959 1535 cum
981 1478 1109 1535 edictum

242 1581 333 1634 totum
341 1595 439 1635 eorum
448 1579 596 1645 arbitratu,
604 1578 738 1653 quamdiu
748 1578 801 1635 luit
809 1578 984 1650 designatus,
993 1592 1107 1649 compo-

240 1684 331 1743 neret,
345 1677 392 1750 qui
407 1680 443 1734 ab
458 1677 514 1735 isto
527 1677 577 1750 jus
591 1678 628 1733 ad
642 1677 797 1734 utilitatem
811 1693 893 1733 sunm
913 1676 1106 1734 nundinaren-

241 1777 302 1831 tur:
324 1781 383 1832 tum
396 1795 464 1833 vero
475 1777 506 1834 in
518 1776 686 1849 magistratu
694 1784 795 1832 contra
805 1776 876 1833 illud
886 1776 1014 1832 edictum
1023 1791 1105 1835 suum

242 1872 305 1929 siue
327 1875 385 1930 ulla
398 1875 538 1946 religione
556 1875 741 1930 decernebat.
782 1876 884 1946 ltaque
897 1875 933 1930 L.
948 1873 1017 1929 Piso
1035 1875 1105 1930 mul·

240 1974 284 2027 tos
295 1971 412 2029 codices
422 1971 557 2044 implevit
567 1988 664 2028 earum
679 1988 781 2038 rerum,
794 1972 826 2028 in
842 1971 943 2045 quibus
956 1972 998 2026 ita
1019 1972 1105 2029 inter-

239 2070 338 2136 cessit,
351 2071 426 2143 quod
439 2069 496 2127 iste
509 2070 602 2137 aliter,
616 2076 702 2144 atque
717 2074 748 2126 nt
757 2069 901 2137 edixerat,
914 2069 1102 2127 decrevisset.

239 2171 315 2242 quod
333 2185 385 2225 vos
398 2169 502 2226 oblitos
516 2187 646 2226 essenon
661 2168 790 2235 arbitror,
802 2184 875 2242 quae
885 2168 1045 2235 multitudo,
1053 2167 1102 2243 qui

238 2269 309 2325 ordo
322 2269 357 2326 ad
373 2267 487 2324 Pisonis
500 2270 601 2325 sellam
615 2269 672 2325 isto
686 2273 815 2341 praetore
829 2267 929 2325 solitus
943 2267 981 2325 sit
994 2284 1101 2325 couve-

238 2366 310 2433 nire,
323 2385 407 2440 quem
422 2368 476 2424 iste
487 2370 631 2442 collegam
646 2368 703 2425 nisi
719 2368 875 2435 habuisset,
889 2368 1031 2440 lapidibus
1053 2384 1102 2425 co·

236 2471 352 2540 opertus
365 2470 443 2521 esset
462 2465 493 2521 in
518 2466 588 2521 loro.
612 2466 664 2521 sed
677 2482 714 2521 eo
736 2465 861 2522 leviores
882 2465 964 2521 istius
978 2464 1101 2537 injurias

236 2563 420 2629 videbantur,
433 2563 507 2635 quod
521 2568 584 2619 erat
596 2562 627 2618 in
641 2561 786 2635 aequitate
799 2562 1007 2635 prudentiaque
1022 2561 1102 2618 Piso·

236 2660 282 2719 nis
294 2659 505 2732 paratissimum
519 2659 689 2733 perfugium,
697 2676 753 2733 quo
765 2659 830 2716 sine
843 2660 949 2727 labore,
963 2659 1028 2716 sine
1041 2676 1100 2716 mo·

236 2758 332 2825 lestis,
345 2758 408 2815 sine
427 2757 568 2830 impensa,
581 2757 671 2814 etiam
684 2758 748 2813 sine
762 2763 881 2830 patrono
895 2758 1026 2816 homines
1040 2764 1099 2818 ute·

235 2863 341 2915 rentur.
384 2858 471 2923 Nam,
496 2872 611 2930 quaeso,
633 2855 725 2911 redite
745 2855 776 2911 in
789 2856 967 2924 memoriam,
973 2856 1099 2928 judices,

235 2975 307 3033 quae
319 2956 410 3013 libido
423 2955 506 3018 istius
514 2954 545 3010 in
560 2954 627 3026 jure
640 2952 767 3010 dicundo
777 2952 871 3021 luerit,
881 2971 955 3029 quae
974 2953 1101 3010 varietas

235 3057 425 3123 decretorum,
439 3072 511 3128 quae
525 3051 705 3118 nundinatio,
726 3069 811 3126 quarn
825 3051 927 3108 inanes
940 3052 1040 3108 domus
1052 3067 1099 3107 eo·

235 3172 296 3211 rum
310 3155 448 3220 omnium,
471 3153 519 3227 qui
533 3153 570 3209 de
585 3152 651 3225 jure
665 3151 749 3208 civili
760 3150 876 3208 consuli
895 3151 998 3218 solent,
1013 3168 1098 3225 quam

235 3254 324 3326 plena
336 3257 421 3325 atque
444 3250 549 3308 referta
575 3251 761 3309 Chelidonis:
783 3267 870 3324 aqua
891 3247 1010 3306 muliere
1031 3265 1098 3307 cum

234 3354 297 3407 erat
311 3351 346 3405 ad
367 3366 433 3405 eum
454 3354 582 3416 ventum,
595 3355 625 3406 et
644 3349 677 3405 in
699 3366 796 3406 aurern
810 3349 871 3422 ejus
884 3348 1097 3416 insusurratum,

234 3448 307 3505 alias
321 3449 478 3505 revocabat
487 3464 547 3515 eos,
559 3447 636 3504 inter
647 3464 719 3521 quos
726 3447 790 3520 jam
806 3448 986 3512 decreverat,
999 3447 1097 3503 decre·

262 3629 286 3662 ²⁹
301 3630 355 3676 Non
364 3628 688 3690 mimbcpsastlsrbm
719 3626 756 3675 Sic
765 3628 882 3675 eddvett„
914 3624 1095 3674 Neseioundsiu

234 3687 394 3738 [antennam
402 3687 489 3736 venerit
494 3691 561 3745 psus!
568 3686 596 3734 in
605 3688 648 3734 lom
654 3688 677 3735 d
686 3688 745 3749 quod
753 3688 837 3735 nubum
845 3701 931 3736 sennim
941 3686 1016 3733 babet.
