2700 4675
268 586 331 646 154
573 574 853 633 ruccsncuuurs

266 728 371 803 niquis
384 727 424 786 sit
436 726 627 803 recipiendus.
668 726 780 800 Quibm
801 741 857 799 ego
870 740 934 782 non
953 740 1024 783 snm
1038 726 1139 781 tanbuu

267 830 406 886 bonorem
420 828 578 895 habiturus,
591 832 623 886 ut
631 828 670 885 ad
683 842 808 902 eaquae
821 823 966 893 dixerint,
977 830 1062 884 certo
1074 826 1138 890 loca

267 931 317 984 aut
340 926 507 1000 singulatim
520 926 686 1001 unicnique,
708 925 909 998 respondeam.
934 922 983 981 sic
1012 922 1137 987 breviter,

267 1024 403 1098 quonism
416 1041 475 1080 non
486 1026 628 1090 consulto,
647 1025 699 1081 sed
719 1040 789 1080 casu
802 1022 833 1080 in
848 1038 951 1079 eorum
966 1021 1136 1079 montionem

217 1115 256 1173 ld
267 1121 367 1189 incidi,
380 1120 462 1195 quasi
475 1121 653 1194 praeteriens
667 1120 846 1178 satisfaciam
859 1118 1024 1178 universis.
1065 1119 1134 1177 'l'an-

266 1223 335 1277 tane
349 1220 433 1278 vobis
446 1219 546 1293 inopia
560 1218 661 1278 videor
675 1237 740 1277 esse
756 1219 925 1287 amicorum,
940 1223 975 1277 ut
997 1218 1070 1278 milri
1082 1234 1133 1275 nos

267 1336 306 1376 cx
317 1318 451 1393 his,quos
462 1335 577 1376 mecum
587 1315 1133 1391 adduxerimscddepopuloschserlp

267 1424 313 1477 tor
325 1420 445 1476 addatur
458 1415 470 1476 l
491 1417 575 1476 vobis
588 1422 686 1475 autem
700 1421 781 1474 tanta
794 1415 896 1490 inopia
915 1432 1030 1474 reorum
1042 1420 1096 1483 est,
1107 1418 1133 1471 ut

267 1516 341 1575 mihi
353 1533 471 1573 causam
485 1517 646 1589 praeripere
656 1513 919 1588 coneminipotius,
929 1531 1019 1589 quam
1031 1514 1133 1590 aliquot

267 1627 285 1670 a
298 1616 434 1671 columns
448 1614 551 1672 Menia
562 1614 653 1672 vestri
665 1614 776 1673 ordinis
789 1631 853 1672 reos
866 1611 1046 1687 reperiatis?
1072 1614 1134 1672 Gru·

266 1712 375 1779 todem,
400 1712 503 1786 inquit,
531 1712 633 1770 'Pollio
660 1730 707 1770 me
735 1712 887 1787 apponite·
939 1710 1043 1785 Quidi
1069 1709 1133 1770 nu'ii

267 1827 353 1885 quam
366 1810 463 1867 multis
477 1810 643 1872 custodibus
656 1828 728 1884 opus
742 1811 806 1879 erit,
820 1810 845 1868 si
858 1815 889 1867 te
903 1812 1049 1870 semel-ad
1062 1826 1133 1870 man

267 1926 371 1983 capsas
394 1907 558 1968 admisero?
578 1909 628 1985 qui
648 1928 708 1968 non
731 1913 833 1978 solum,
853 1928 893 1967 ne
915 1911 989 1986 quid
1001 1910 1136 1975 enunties

267 2010 319 2065 scd
333 2010 422 2068 etiam
438 2009 558 2084 nequid
571 2008 912 2077 auteras,custodiendus
936 2010 990 2067 sis.
1032 2010 1090 2070 Sed
1101 2009 1133 2065 ds

267 2106 324 2162 isto
331 2109 451 2163 custode
460 2113 521 2163 toto
529 2106 571 2164 sic
586 2106 671 2164 vobis
685 2107 855 2165 brevissime
867 2110 1070 2181 respondebo:
1083 2122 1134 2165 non

267 2217 331 2258 esso
345 2203 398 2258 bos
413 2205 485 2259 tales
509 2203 587 2260 viros
600 2206 812 2274 commissuros,
825 2209 858 2263 ut
875 2207 915 2263 ad
934 2224 1058 2265 cam
1070 2210 1131 2263 tn·

266 2303 368 2367 tama
386 2316 433 2358 me
451 2306 624 2375 susceptam,
645 2303 719 2362 mihi
741 2304 892 2372 creditam,
912 2304 1066 2383 qnisquam
1077 2304 1134 2363 tub

267 2401 398 2474 scriptor,
423 2418 471 2458 me
492 2401 596 2469 invito,
621 2403 767 2476 adspirare
791 2401 891 2476 possit
932 2403 1132 2462 Etenimlidas

267 2517 333 2557 mea
372 2502 522 2558 custodem
562 2500 702 2573 repudiat,
737 2500 891 2575 diligentia
928 2504 1134 2575 speculatores

267 2598 444 2654 reformidat.

308 2693 428 2760 Vemm,
442 2699 473 2751 ut
490 2697 527 2752 ad
553 2702 591 2765 te,
612 2697 736 2765 Caecili,
756 2699 983 2774 redcam‚quam
1010 2700 1134 2758 multato

252 2790 414 2860 ‘deficiant
424 2793 523 2850 vides:
544 2812 630 2868 quam
641 2799 731 2852 multa
739 2795 798 2854 sint
811 2797 843 2852 in
857 2801 896 2864 te,
910 2815 991 2872 quae
1013 2814 1077 2854 rcus
1089 2812 1133 2853 no·

266 2907 338 2949 cens
353 2892 384 2949 iu
395 2897 564 2950 accusatore
577 2910 630 2949 suo
641 2893 739 2966 cupiat
752 2910 825 2961 esse,
839 2894 1042 2968 proiectojam
1055 2893 1132 2953 intd·

265 2989 342 3060 ligis.
384 2991 463 3057 Quid
483 2991 606 3047 adhaec
630 2991 690 3047 dici
713 2988 828 3064 potest?
852 3008 912 3048 non
926 2992 1010 3050 cuim
1023 3006 1131 3068 quand.

264 3084 334 3156 quid
347 3090 379 3141 tu
396 3086 524 3142 dicturus
543 3088 598 3144 sis:
620 3089 708 3161 video
728 3089 801 3147 mibi
814 3106 873 3148 non
886 3094 926 3157 te,
940 3091 997 3148 sed
1015 3086 1132 3149 bonoli-

264 3182 347 3238 brum
359 3199 422 3238 esse
435 3199 646 3255 responsurum,
660 3205 743 3260 quem
758 3187 882 3244 monitor
896 3193 963 3244 tuus
974 3187 1025 3247 hic
1038 3190 1131 3246 unsa

263 3278 322 3353 qui,
336 3279 361 3335 si
375 3284 404 3336 tc
415 3286 495 3338 recte
509 3300 627 3341 monere
636 3286 725 3352 volet,
739 3285 870 3342 suadebit
883 3284 948 3353 tibi,
959 3292 994 3344 ut
1004 3287 1075 3345 hinc
1083 3285 1131 3344 dis

262 3378 361 3444 cedas,
375 3396 468 3452 neque
491 3380 565 3439 mibi
582 3384 703 3440 verbum
722 3385 813 3440 ullum
826 3384 1016 3456 respondeas.
1058 3382 1130 3460 Quid

262 3474 342 3532 enim
356 3474 460 3534 dices?
480 3496 518 3536 an
530 3480 570 3547 id,
584 3481 661 3554 quod
671 3480 800 3550 dictitas,
814 3480 953 3554 injuriam
973 3483 1030 3541 tibi
1043 3482 1137 3540 leche

261 3571 412 3633 Verrem?
432 3576 574 3634 Arbitror.
596 3596 691 3652 neque
705 3578 785 3636 enim
799 3584 878 3636 esset
892 3579 1068 3651 verisimile,
1077 3594 1136 3640 cm

258 3673 393 3731 omnibus
410 3674 517 3732 Siculis
528 3674 636 3733 laceret
647 3677 777 3750 injurias,
787 3682 817 3734 te
828 3676 873 3735 illi
883 3694 977 3738 nuum
987 3679 1132 3743 eximin

257 3770 307 3827 cui
320 3776 495 3841 consuleret,
508 3772 605 3840 tuisse.
650 3776 709 3833 Sed
723 3776 815 3834 ceteri
827 3776 923 3836 Siculi
936 3779 1066 3839 ultoram
1078 3792 1134 3837 rus·

257 3880 321 3927 rum
332 3868 504 3948 injuriarum
517 3871 713 3933 invenerunt:
735 3879 777 3944 tn,
789 3874 859 3939 dum
871 3877 937 3936 tuas
949 3875 1077 3956 injurius
1089 3886 1134 3955 pt
