2700 4675
237 534 284 594 00
615 525 739 576 enarro
827 533 830 540 ·

239 676 387 736 bonrinenr
400 679 450 734 aut
463 691 533 734 rem.
576 673 677 749 Atqui
691 672 721 730 ei
735 669 865 732 venitin
879 677 1030 743 nenton,
1042 687 1109 747 μυ

238 778 289 836 dia
306 776 513 849 concupiscere
534 773 658 832 bominis
671 771 775 846 ignoti,
787 788 875 845 quem
897 774 1028 832 omuino
1037 789 1108 832 num·
1179 815 1180 820 η

239 894 325 951 quam
352 871 489 932 viderat?
523 874 641 941 Soletis,
667 887 734 930 cum
768 870 878 945 aliquid
914 870 1108 945 huiuscemodi

239 975 354 1037 auditis,
362 973 486 1045 judices,
500 972 639 1029 continuo
656 970 765 1036 dicere,
779 985 904 1027 necesse
920 977 979 1038 est,
993 971 1109 1045 ὤφθη

238 1074 348 1131 dixisse
362 1070 538 1142 municipem
562 1073 612 1127 aut
635 1069 776 1128 vicinum.
799 1066 823 1126 ii
847 1069 1026 1144 plerumque
1046 1067 1109 1126 indi·

237 1176 325 1228 cant:
347 1187 398 1242 per
431 1186 482 1226 eos
509 1168 636 1242 plerique
660 1169 826 1241 produntur.
868 1167 933 1225 Hic
962 1167 1041 1226 nibil
1064 1170 1108 1233 cst,
1175 1205 1178 1242 2

238 1271 314 1345 quod
332 1268 526 1343 suspicionem
550 1269 626 1325 hanc
647 1268 763 1340 putetis.
803 1266 874 1323 Non
898 1266 985 1326 enim
1009 1266 1109 1342 egoits
1175 1245 1179 1268 ⁸

238 1370 409 1443 disputabo:
442 1368 600 1425 verisimile
637 1372 690 1433 est,
714 1364 838 1431 Roscios
872 1363 966 1424 istem
996 1385 1058 1425 rem
1079 1363 1109 1422 sd

239 1470 461 1542 Chrysogonum
483 1468 630 1525 detulisse.
653 1470 716 1523 erat
735 1465 814 1521 enim
828 1463 873 1520 eis
898 1482 970 1523 cum
992 1467 1109 1539 Chryso

238 1584 316 1640 gono
323 1568 387 1637 jam
407 1573 493 1623 antea
506 1566 645 1623 amicitia.
667 1581 735 1622 nam
756 1579 823 1620 cum
836 1566 949 1622 multos
962 1570 1080 1623 veteres
1095 1578 1111 1620 s

238 1665 392 1736 majoribus
408 1663 508 1720 Roscii
528 1670 663 1736 patronos
686 1663 868 1736 hospitesque
888 1663 1111 1731 haberentorn·
1179 1729 1180 1752 χ

238 1780 292 1822 nes
312 1780 362 1819 eos
377 1764 472 1819 colere
496 1766 581 1837 atque
603 1765 757 1820 observare
778 1761 967 1831 destiterunt,
983 1781 1022 1822 ac
1044 1761 1111 1821 seis
1178 1779 1180 1832 3

241 1861 426 1936 Chrysogoni
439 1862 526 1922 fidem
548 1866 578 1918 et
601 1861 769 1919 clientelam
789 1861 992 1920 contulerunt.
1038 1863 1112 1920 flues
1179 1877 1180 1884 ¹

240 1980 356 2037 possum
369 1963 467 2019 omnia
481 1981 551 2020 vere
563 1963 677 2019 dicere:
698 1960 794 2018 sedin
808 1961 864 2017 hac
885 1977 982 2020 causa
1005 1962 1113 2035 cono

241 2065 304 2118 tura
316 2062 388 2118 nihil
408 2079 479 2132 opus
502 2068 555 2118 est.
570 2062 647 2133 ipsos
668 2058 750 2117 certo
774 2059 837 2116 scio
857 2075 921 2117 non
936 2078 1060 2136 negare,
1081 2058 1113 2118 sd

241 2157 316 2214 baec
331 2160 406 2213 bona
418 2160 638 2230 Chrysogonum
657 2159 815 2216 accessisse
826 2158 957 2231 impulsu
978 2179 1044 2220 suo.
1084 2157 1113 2218 si

241 2270 317 2320 eum,
336 2253 384 2326 qui
408 2253 511 2310 indicii
534 2260 645 2327 partem
666 2258 823 2331 acceperit,
846 2259 944 2316 oculis
967 2259 1112 2320 cernetur

241 2353 411 2428 poteritisne
424 2353 564 2424 dubitare,
572 2356 698 2429 Judices,
718 2357 768 2431 qui
781 2357 945 2419 indicarit?
977 2361 1041 2433 Qui
1055 2361 1114 2421 sunt

241 2452 329 2528 igitur
351 2455 381 2512 in
411 2455 474 2512 istis
508 2455 600 2524 bonis,
636 2456 737 2532 quibus
764 2461 875 2529 partem
904 2457 1114 2534 chrysogom!

242 2552 377 2611 dederit?
410 2557 467 2612 duo
498 2556 609 2613 Roscii.
662 2557 741 2614 Num
769 2556 901 2630 quisnam
937 2550 1113 2630 praetonat

242 2668 329 2707 nemo
351 2656 404 2718 est,
424 2653 552 2724 judices.
592 2656 670 2710 Num
697 2673 766 2729 ergo
789 2655 909 2713 dubium
934 2661 992 2725 est,
1013 2652 1114 2733 quinii

241 2749 400 2807 obtulerint
426 2752 502 2810 hanc
532 2755 673 2826 praedam·
695 2754 896 2829 Chrysogono,
935 2755 989 2830 qui
1018 2760 1057 2815 ab
1081 2769 1115 2813 ec

242 2853 353 2923 partem
380 2853 503 2924 praedae
534 2851 682 2911 tulerunt?
718 2855 783 2927 Age
811 2871 898 2921 nunc,
928 2853 950 2887 ⁸⁸
964 2873 1007 2915 ex
1030 2856 1113 2932 ipsius

243 2947 428 3022 Chrysogoni
443 2951 557 3022 judicio
571 2953 741 3012 Rosciorum
764 2953 872 3011 lactum
883 2954 1112 3015 considerem·

243 3045 279 3105 Si
301 3047 372 3102 nibil
390 3047 421 3102 in
443 3049 499 3104 ista
518 3065 613 3120 pugna
635 3052 745 3119 Roscii,
763 3053 839 3125 quod
857 3069 965 3124 operae
991 3057 1115 3128 pretium

243 3146 331 3208 esset,
354 3142 491 3212 fecerant,
515 3163 600 3218 quam
619 3151 656 3205 ob
669 3168 786 3209 causam
807 3152 1041 3226 aGbrysogono
1057 3160 1112 3212 tun

244 3239 282 3295 tis
310 3242 447 3312 praemiis
475 3245 677 3307 donabantur?
711 3250 744 3306 si
766 3249 839 3307 nihil
864 3249 946 3307 aliud
973 3252 1114 3315 fecerunt

245 3337 304 3403 nisi
328 3357 391 3395 rem·
412 3343 586 3412 detulerunt,
617 3365 715 3404 nonne
745 3349 815 3406 satis
844 3347 906 3415 luit,
935 3351 982 3408 his
1011 3351 1113 3426 graii!

244 3434 315 3515 agi?
336 3439 473 3514 denique,
491 3448 523 3500 ut
542 3445 749 3516 perliberaliter
771 3452 912 3522 ageretur,
931 3431 1055 3510 honoris
1067 3447 1114 3519 sli-

161 3587 164 3593 .
244 3538 313 3615 quid
331 3537 454 3596 haberi?
486 3542 546 3600 Cur
569 3545 624 3602 tria
645 3547 763 3619 praedia
776 3551 874 3604 tantae
899 3549 1048 3619 pecuniae
1061 3553 1111 3607 ur

133 3774 176 4008 l

244 3638 298 3697 tim
327 3638 465 3714 Capitoni
491 3640 615 3700 dantur?
639 3661 699 3713 cur,
727 3663 800 3720 quae
827 3645 937 3720 reliqua
958 3653 1038 3716 sunt,
1062 3647 1111 3705 iste

272 3790 295 3823 ⁸⁸
304 3807 331 3839 ec
341 3793 477 3862 erpmgoni
489 3793 587 3856 pomis]
599 3795 627 3843 de
642 3798 743 3860 praemio
756 3813 820 3860 cape,
839 3797 900 3857 cujus
913 3803 968 3859 post
981 3798 1075 3850 murth.
1092 3810 1113 3844 l·

239 3846 309 3902 Clav-
320 3849 471 3910 inpudicicia
1025 3888 1028 3893 ·
