2700 4675
335 563 390 617 190
666 557 859 607 ravennana

361 694 419 742 mim
429 694 595 742 similitudinem
612 697 683 757 potita
692 694 805 754 Virgilius,
821 692 937 750 Minoem,
952 690 1058 750 judicem
1077 690 1140 752 apud
1158 690 1207 736 inse·

361 788 405 830 ros,
415 778 521 835 tanquam
534 774 552 821 si
566 779 659 836 praetor
668 773 697 820 sit
706 788 778 820 renim
787 772 925 834 capitalium,
936 769 1090 830 msooeimm
1099 768 1205 840 appdlnt:

361 853 402 899 dat
419 852 449 898 ibi
459 853 604 910 sortitionem,
615 852 652 899 ubi
669 867 752 899 emtam
766 851 878 897 nominat:
895 850 936 894 dat
946 848 1088 895 electionem
1102 848 1203 906 judicum,

362 945 411 976 eum
428 930 489 987 dicit,
501 931 659 991 aemiliamque
668 935 741 977 meat:
756 930 796 975 dat
806 926 953 986 cognitionem
963 926 1099 983 facinorum,
1117 940 1164 972 cum
1173 925 1202 970 di

361 1007 400 1063 cit,
411 1010 508 1067 uasqm
518 1016 540 1054 et
550 1009 646 1054 ονίπιίηα
655 1009 727 1054 discit.
759 1008 821 1066 Ergo
830 1006 866 1052 hic
875 1006 940 1061 liber,
949 1004 990 1066 qui
1005 1006 1035 1051 de
1045 1008 1151 1051 anteacta
1158 1002 1201 1049 vite

360 1091 401 1143 est,
413 1092 496 1133 statum
504 1101 592 1134 necesse
606 1091 641 1133 est
658 1086 830 1143 conjecturalem
845 1085 935 1132 babeat.
967 1083 1054 1146 Capita
1063 1089 1138 1131 autea
1150 1095 1201 1145 qaae

358 1163 406 1225 ipse
416 1165 504 1211 Tullius
519 1165 578 1221 feeit,
589 1164 709 1211 dividendo
726 1169 798 1210 totam
812 1165 871 1209 banc
889 1162 1064 1220 accusationem,
1075 1167 1126 1210 erut
1135 1164 1196 1210 baeer

359 1243 454 1303 primum
464 1243 486 1289 iu
496 1251 651 1305 quaesturam:
668 1243 748 1289 deinde
755 1242 778 1287 in
793 1242 929 1301 legationem
948 1247 974 1287 et
984 1242 1195 1303 vioe-quaesturam:

360 1321 429 1367 terlio
454 1322 477 1368 iu
490 1328 616 1384 praeturam
635 1322 751 1369 urbanam:
774 1326 854 1383 quarto
869 1321 893 1367 in
910 1325 1040 1383 praeturam
1058 1321 1194 1369 sitium

360 1401 421 1447 Nam
431 1416 498 1462 quum
507 1417 582 1449 omnes
591 1402 638 1459 ejus
648 1407 709 1448 actus
726 1405 858 1461 quaesturae
868 1400 966 1456 nomine,
977 1399 1103 1458 legationis,
1113 1401 1196 1461 praete

360 1494 400 1525 rae
410 1480 514 1541 urbanae,
524 1481 696 1542 Siciliensisque,
704 1478 867 1542 quadripartita
875 1478 985 1525 librorum
994 1477 1101 1525 divisione
1109 1492 1196 1537 cogno*

360 1562 451 1604 eantur:
467 1562 573 1604 anteacta
588 1561 634 1616 eJ'us
644 1559 718 1605 omnia
727 1559 770 1604 hoc
778 1558 837 1603 libro
846 1558 1006 1618 comprehensa
1018 1561 1071 1604 stmt
1079 1558 1108 1603 ad
1124 1570 1196 1603 corun

360 1634 427 1680 fidem
436 1649 494 1695 quae
503 1640 554 1695 post
564 1635 671 1682 dicentur.
703 1636 823 1682 Prooemia
832 1651 885 1682 sane
894 1636 959 1695 huius
968 1634 1019 1682 libri
1029 1635 1054 1683 in
1065 1635 1199 1685 dmulatione

360 1712 479 1759 constituta
492 1717 550 1768 sunt,
558 1714 620 1774 quasi
628 1729 694 1760 verae
702 1714 850 1761 accusationis
859 1714 882 1760 in
888 1714 985 1761 Verrem
992 1716 1114 1762 audentem
1120 1716 1197 1769 adem.

360 1794 427 1851 atque
436 1792 558 1838 defensum:
571 1792 594 1838 in
600 1793 755 1839 exhortatione
761 1794 862 1849 judicum
871 1794 902 1841 ad
911 1800 973 1840 recte
979 1794 1137 1852 jiuimnuun:
1152 1798 1194 1841 un

359 1869 383 1916 in
391 1870 457 1917 minis
466 1875 543 1917 centra
558 1871 697 1918 adversarios
706 1891 712 1917 ι
727 1877 752 1917 et
761 1872 784 1918 in
799 1872 925 1919 exbibenda
933 1873 1021 1920 ratione
1036 1873 1103 1922 officii
1111 1874 1151 1931 sui¹
1160 1886 1194 1921 απ

360 1947 393 1996 ita
408 1950 513 1996 maluerit
527 1966 638 2007 accusare,
656 1953 682 1996 ut
700 1950 771 2011 prima
787 1950 873 1998 actione
889 1955 978 1998 tautum
987 1951 1085 1999 testibus
1094 1955 1193 1999 uteretur,

361 2028 425 2079 Quae
434 2029 509 2075 omnia
526 2030 634 2089 ejusmodi
648 2032 706 2085 sunt,
717 2033 743 2075 ut
757 2044 801 2075 non
819 2033 866 2075 tam
880 2044 939 2076 nova
957 2029 1041 2089 dicere,
1058 2046 1125 2093 quam
1141 2030 1194 2076 dica
1206 2053 1209 2059 ·

359 2105 410 2151 libri
425 2105 541 2166 superioris
559 2108 683 2155 instaurare
692 2107 803 2154 videatur.
838 2108 893 2154 Post
901 2109 959 2155 haec
968 2093 1194 2172 omuia,i11siusffice·

360 2182 419 2227 roais
428 2198 468 2242 per
478 2186 572 2231 honores
582 2186 658 2233 Verris
673 2202 723 2233 crum
731 2186 857 2235 criminibus
863 2188 952 2245 bmctos
958 2188 1043 2237 divisio
1049 2204 1092 2252 per
1101 2188 1192 2237 oedm

358 2264 483 2319 temporum
492 2262 567 2313 currit.

303 2398 496 2480 anurunu
512 2422 640 2482 vestrim
666 2426 798 2500 ignorare
820 2427 949 2494 arbitror,
970 2426 1102 2501 judIces,
1124 2428 1194 2485 bunc

330 2540 381 2597 per
394 2523 483 2580 hosce
502 2523 565 2580 dies
587 2542 748 2581 sermonem
771 2524 860 2598 vulgi,
884 2530 970 2599 atque
991 2526 1072 2584 hanc
1091 2524 1192 2600 opinio

330 2636 398 2674 nem
412 2622 510 2692 populi
525 2622 651 2679 Romani
665 2623 762 2690 luisse,
774 2622 810 2679 0.
832 2622 957 2679 Verrem
978 2625 1074 2682 altera
1086 2625 1192 2682 actione

330 2733 530 2788 responsurum
557 2739 616 2777 non
645 2738 718 2788 esse,
745 2737 840 2795 neque
867 2720 1075 2794 adjudicium
1101 2722 1191 2780 abutu-

329 2832 400 2872 rum.
443 2817 525 2889 Quae
540 2817 616 2876 lama
630 2836 688 2876 non
713 2818 823 2876 idcireo
837 2821 929 2876 solum
942 2827 1105 2890 emanarat,
1124 2819 1190 2896 quod

328 2913 384 2971 iste
398 2913 495 2973 ¹certe
505 2921 644 2975 statuerat
657 2935 692 2975 ac
706 2917 919 2975 deliberaverat
932 2936 994 2976 nou
1008 2922 1129 2980 adesse:
1149 2936 1191 2977 ve·

326 3029 388 3068 rum
403 3016 501 3083 etiam,
512 3020 587 3090 quud
601 3035 688 3075 nemo
701 3036 872 3093 quemquam
886 3023 946 3075 tam
971 3023 1125 3090 audacem,
1137 3027 1188 3079 tam

328 3115 483 3179 amentem,
503 3117 563 3169 tam
574 3113 773 3187 impudentem
786 3116 845 3174 fure
860 3119 1070 3191 arbitrabatur,
1078 3122 1125 3198 qui
1135 3102 1189 3178 tim

327 3204 446 3262 nefariis
460 3209 637 3279 criminibus,
658 3218 717 3271 tam
731 3215 828 3273 mullis
847 3214 859 3246 ²
872 3216 995 3274 testibus
1009 3221 1137 3290 evictus,
1148 3235 1189 3277 ora

322 3301 454 3377 judicum
482 3307 642 3381 adspicere,
672 3320 722 3370 aut
751 3331 783 3370 os
810 3332 892 3371 suum
923 3320 1034 3390 populo
1068 3321 1188 3378 Romano

328 3403 479 3460 ostendere
502 3406 627 3465 auderet.
669 3411 724 3468 Est
750 3412 829 3470 idem
843 3413 962 3482 Verres,
987 3417 1039 3491 qui
1053 3418 1109 3476 fuit
1128 3433 1189 3475 sene

356 3557 365 3589 ¹
381 3561 436 3603 certe
445 3562 550 3605 statuerat
559 3575 584 3606 oc
593 3562 670 3624 desib]
701 3565 830 3624 legendum
846 3570 909 3612 certo.
941 3567 1053 3618 ceterum
1070 3570 1187 3620 hoeordint

327 3616 396 3662 verba
405 3621 499 3664 statuere
514 3633 542 3665 uc
552 3620 618 3666 delib.
630 3621 739 3683 dicuntur,
748 3631 773 3670 ut
782 3629 889 3672 sicimam
905 3641 930 3674 oe
947 3627 1100 3678 aetam
1113 3632 1188 3685 latet,

327 3675 384 3722 infra
400 3677 441 3733 ΙΙΙ,
450 3679 484 3723 cl.
497 3676 549 3746 item
561 3683 645 3725 certem
654 3682 841 3755 deliberatumque
849 3684 917 3730 Rose.
929 3690 983 3733 Am.
995 3691 1033 3735 31.
1045 3705 1074 3736 ne
1083 3687 1187 3752 quisae

327 3749 376 3782 nem
388 3735 505 3782 verborum
516 3751 626 3785 inversum
635 3745 707 3799 putet,
715 3757 765 3789 eum
774 3757 834 3804 prius
842 3742 981 3791 deliberetur
987 3760 1056 3807 quam
1066 3752 1175 3796 mm

355 3813 368 3852 2
383 3815 471 3864 malae
480 3814 580 3876 ociose]
596 3829 618 3864 v.
628 3816 693 3865 clav.
702 3819 726 3867 in
734 3822 758 3868 b.
768 3835 791 3868 v.
816 3821 865 3870 Ma.
875 3826 953 3871 umen
962 3824 1007 3875 (lu.
1019 3828 1137 3877 aeneida

175 3892 207 4023 't

175 4063 189 4103 f
