2700 4675
260 571 298 640 13
623 567 746 616 oaarro

257 711 313 772 us?
335 712 410 770 Cum
424 710 571 772 bominem
586 713 714 782 nomino,
727 714 799 772 satis
818 712 890 770 mibi
905 712 1013 771 videor
1026 715 1156 778 dicere..

259 812 369 870 Debuit
396 811 449 868 tibi
471 811 507 870 0.
530 812 675 882 Quintius.
698 829 853 885 numquam
872 811 981 884 petisti.
1006 821 1147 876 mortum

258 917 304 968 est
316 911 386 967 illes
411 928 455 967 res
468 913 505 966 ad
520 913 656 968 heredem
670 912 763 968 venit.
777 927 844 968 cum
857 927 923 966 eum
936 912 1075 982 quotidie
1099 915 1144 971 vi·

259 1010 351 1075 dores,
365 1012 429 1079 post
448 1007 597 1064 biennium
615 1010 739 1083 denique
754 1010 892 1080 appellas.
934 1008 1144 1079 Dubitabitur,

260 1113 353 1163 utrum
373 1104 411 1162 sit
430 1104 613 1176 probabilius,
629 1106 699 1161 Sex.
723 1106 868 1162 Naevium
889 1105 997 1171 statim,
1018 1107 1046 1164 si
1068 1111 1144 1182 quid

260 1204 421 1269 deberetur,
446 1202 601 1275 petiturum
637 1202 741 1259 luisse:
763 1220 810 1270 an,
850 1221 888 1259 ne
920 1205 1142 1276 appellaturum

261 1300 377 1376 quidem
404 1298 544 1358 biennio?
566 1301 744 1374 Appellandi
771 1307 884 1374 tempus
905 1318 964 1358 non
984 1300 1074 1360 erat?
1098 1307 1144 1364 At

261 1404 358 1458 tecum
376 1398 397 1431 ⁴⁰
410 1403 474 1474 plus
483 1418 591 1460 annum
601 1400 688 1457 vixit.
730 1402 766 1458 ln
779 1400 879 1457 Gallia
887 1399 934 1472 agi
945 1416 1004 1456 non
1016 1402 1142 1473 potuit?

264 1500 307 1557 At
320 1505 350 1556 et
363 1500 396 1555 in
409 1499 563 1572 provincia
576 1499 626 1571 jus
646 1499 814 1566 dicabatur3
835 1502 865 1555 et
885 1498 996 1554 Romae
1018 1498 1141 1570 judicia

263 1597 381 1653 fiebant.
423 1598 535 1662 Restat,
555 1602 586 1652 ut
610 1601 660 1651 aut
680 1614 791 1653 summa
812 1595 990 1669 negligentia
1009 1596 1065 1654 libi
1087 1601 1141 1658 ob·

263 1692 377 1758 stiterit,
391 1698 439 1748 aut
460 1693 546 1750 unica
557 1692 724 1749 liberalitas.
769 1693 802 1749 Si
815 1693 1025 1767 negligentiam
1045 1694 1142 1766 dices,

265 1790 445 1848 mirabimur:
469 1790 494 1847 si
514 1791 683 1857 bonitatem,
700 1790 864 1848 ridebimus.
874 1811 968 1868 neque
987 1800 1145 1865 praeterea

264 1889 332 1964 quid
358 1890 449 1963 possis
476 1889 584 1955 dicere,
616 1888 747 1945 invenio.
790 1890 868 1946 Satis
892 1896 937 1948 est
963 1894 1141 1964 argumenti,

264 1989 337 2046 nihil
359 2008 423 2047 esse
443 1989 573 2047 debitum
593 1988 723 2057 Naevia,
741 1990 817 2063 quod
837 1989 947 2046 tamdiu
975 1989 1050 2048 nibil
1064 1992 1142 2064 pefi-

266 2090 319 2146 vit.

306 2187 385 2258 Quid
398 2187 423 2242 sl
437 2188 493 2242 boc
506 2188 609 2258 ipsum,
624 2188 699 2260 quod
720 2204 797 2242 nunc
817 2186 897 2254 lacit,
918 2188 1041 2244 ostendo
1054 2191 1140 2248 testi·

266 2284 364 2342 monio
378 2301 451 2351 esse,
465 2283 539 2341 nibil
552 2281 671 2341 deberi?
692 2282 759 2356 quid
784 2284 863 2341 enirn
886 2303 965 2344 nunc
984 2285 1045 2360 agit
1061 2288 1139 2348 Sex.

217 2253 256 2312 13

267 2380 422 2442 Naevius?
441 2402 496 2458 qua
510 2385 546 2439 de
567 2401 597 2438 re
618 2382 817 2439 controversia
838 2381 904 2442 est?
923 2386 999 2458 quod
1018 2391 1064 2442 est
1079 2388 1141 2447 hoc

262 2484 413 2557 judicium,
427 2484 457 2540 in
472 2501 528 2557 quo
532 2484 601 2555 jam,
611 2482 760 2539 biennium
775 2480 946 2538 versamur?
966 2481 1033 2557 quid
1047 2501 1140 2558 nego-

268 2583 302 2640 tii
325 2584 441 2656 geritur,
454 2582 487 2638 in
507 2599 564 2654 quo
587 2583 637 2637 ille
660 2586 703 2637 tot
724 2586 754 2637 et
776 2584 849 2637 tales
872 2580 957 2637 viros
972 2580 1142 2653 defatigat?

269 2681 427 2737 Pecuniam
461 2680 543 2751 petit.
600 2680 688 2734 Nunc
723 2675 871 2750 denique?
902 2676 1140 2739 ⁴¹verumtamen

269 2782 357 2850 petat.
378 2776 536 2832 audiamus.
578 2775 626 2830 De
646 2775 804 2832 rationibus
822 2781 853 2831 et
872 2775 1077 2834 controversiis
1091 2795 1140 2835 so

268 2875 382 2932 aiebatis
404 2876 468 2931 vult
488 2873 649 2944 dijudicari.
693 2875 773 2929 Sero.
795 2891 903 2930 verum.
919 2875 1074 2947 aliquando
1093 2880 1139 2933 ta·

269 2991 352 3029 men:
372 2974 575 3031 concedemus.
617 2973 696 3037 Non,
716 2971 818 3043 inquit,
831 2971 862 3028 id
881 2990 945 3045 ¹ago,
959 2973 995 3030 0.
1010 2973 1139 3045 Aquilli,

269 3089 362 3142 neque
373 3072 403 3127 in
416 3088 452 3127 eo
466 3086 542 3125 nunc
553 3070 660 3124 laboro.
681 3070 806 3139 pecunia
816 3087 881 3126 mea
891 3075 933 3126 tot
944 3087 1034 3127 annos
1045 3071 1141 3131 utitur

270 3170 305 3226 Ρ.
329 3168 473 3238 Quintius.
507 3171 601 3223 ulatur
624 3183 713 3222 sane:
742 3185 801 3224 non
828 3173 904 3240 pelo.
946 3169 1024 3240 Quid
1045 3168 1139 3241 igitur

267 3263 401 3340 pugnas?
421 3283 468 3332 an,
481 3265 555 3339 quod
570 3281 655 3336 saepe
677 3266 774 3323 multis
787 3267 819 3323 in
840 3267 912 3323 locis
926 3266 1037 3334 dixisti,
1050 3284 1089 3322 ne
1103 3267 1140 3326 in

271 3363 393 3421 civitate
402 3359 460 3419 sit?
480 3381 517 3419 ne
529 3365 723 3429 locumsuum,
733 3383 818 3437 quem
828 3366 921 3422 adbuc
933 3363 1138 3426 honestissime

271 3461 408 3527 defendit,
421 3458 571 3517 obtineat?
591 3478 629 3518 ne
642 3467 806 3519 numeretur
818 3463 894 3521 inter
907 3460 1017 3520 vivos?
1036 3463 1138 3522 decen

302 3616 478 3674 bysacenam
486 3613 561 3674 uixit}
577 3613 641 3661 Haec
655 3619 691 3661 est
700 3629 754 3662 vera
764 3614 831 3664 lectio
840 3616 876 3663 ed.
884 3617 921 3662 W.
938 3617 971 3664 At
985 3616 1021 3662 ed.
1032 3615 1101 3662 Rom.
1112 3621 1140 3664 ut

274 3675 311 3724 Er.
323 3675 385 3722 dedit
394 3687 461 3729 urrrw,
471 3670 564 3718 tandein
577 3672 634 3719 alias
642 3674 711 3721 venit.

303 3756 323 3789 ⁴¹
337 3757 488 3802 cerumtamen
500 3752 575 3812 uetat]
606 3750 713 3798 Formai
760 3753 866 3800 orationis
880 3755 947 3801 docet
963 3751 1143 3812 legendumesse

271 3819 337 3871 utut.
368 3816 411 3860 Sol
422 3812 453 3859 sic
463 3815 487 3857 et
496 3811 554 3858 Mss.
566 3826 602 3871 ap.
613 3809 680 3856 Grut.
720 3811 783 3860 alt.
794 3812 831 3859 W.
844 3815 906 3862 uto.
922 3813 961 3861 Br.
975 3812 1038 3860 Jsmt.
1069 3809 1141 3872 Vult.

273 3872 334 3931 edit,
346 3873 405 3935 quod
414 3876 448 3921 est
456 3870 486 3919 sb
494 3869 557 3919 Aldo
564 3868 684 3918 inductum.
