2700 4675
457 546 530 597 ΑΟΤ.
547 548 576 597 ll.
592 547 689 600 nisus
704 546 884 600 sccundus.
1048 558 1108 618 311

242 690 312 759 Dic,
325 691 435 767 inquit:
454 693 499 752 illi
514 698 614 754 adesse
628 715 688 755 non
709 702 839 771 possunt.
880 696 960 754 Nam
981 698 1110 768 hercule,

240 789 337 861 inquit
352 792 388 863 Q.
404 790 560 860 Minucius,
587 812 633 852 me
660 813 772 870 quoque
796 793 927 863 Petilius,
950 799 981 852 ut
1000 795 1056 851 sibi
1079 797 1111 854 iu

240 886 366 943 consilio
380 888 520 955 adessem,
535 892 657 962 rogavit.
684 899 714 947 et
737 893 855 948 simula
874 892 1017 949 subselliis
1031 893 1111 951 abire

240 984 347 1058 eoepit.
389 987 449 1043 Iste
463 986 560 1055 iratus,
574 988 721 1047 hominem
739 990 1110 1049 verbisvelrementioribus

239 1084 429 1158 prosequitur,
438 1089 524 1160 atque
535 1086 564 1143 ei
574 1088 690 1161 gravius
702 1088 790 1146 etiam
801 1087 905 1146 minari
916 1090 1023 1163 coepit,
1034 1093 1109 1166 quod

229 1175 271 1238 'in
285 1200 317 1238 se
341 1188 453 1241 tantum
467 1187 575 1243 crimen
597 1185 794 1264 invidiamque
818 1187 967 1245 conflaret.
1008 1189 1161 1249 Minu-30

238 1279 310 1348 cius,
324 1282 375 1355 qni
390 1284 542 1357 Syracusis
556 1286 598 1345 sic
614 1288 817 1361 negotiaretur,
831 1290 863 1342 ut
876 1286 920 1342 sui
932 1286 1006 1359 juris
1017 1289 1108 1363 digni-

239 1380 361 1453 tatisque
383 1383 571 1453 meminisset,
586 1387 678 1461 etqui
692 1387 790 1454 sciret,
803 1387 844 1442 ita
858 1407 890 1446 se
910 1388 942 1444 in
956 1386 1109 1459 provincia

238 1473 260 1509 '⁰
270 1494 331 1534 rem
345 1495 449 1553 augere
468 1489 609 1555 oportere,
628 1489 660 1539 ut
673 1503 710 1540 ne
724 1486 792 1559 quid
810 1488 847 1542 de
862 1488 995 1544 libertate
1008 1487 1107 1558 deper-

235 1574 332 1644 deret3
361 1577 473 1636 homini
486 1597 560 1654 qnae
574 1580 639 1637 visa
661 1588 736 1651 sunt,
751 1590 781 1641 et
803 1602 876 1659 quae
902 1592 1013 1657 tempus
1032 1584 1106 1641 illud

238 1674 303 1730 tulit
324 1680 355 1732 et
368 1693 464 1744 causa,
479 1680 641 1752 respondit:
663 1699 781 1741 causam
798 1702 872 1752 sese,
886 1684 1006 1742 dimisso
1020 1688 1105 1758 atque

236 1772 370 1845 ablegato
383 1775 516 1845 consilio,
533 1778 717 1839 defensurum
740 1784 869 1857 negavit.
893 1783 1022 1858 itaquee
1041 1784 1105 1838 sub

235 1869 326 1927 selliis
340 1872 491 1931 discessit:
511 1876 643 1951 idemque
658 1881 724 1946 hoc,
746 1887 859 1953 praeter
874 1881 1000 1945 Siculos,
1014 1879 1105 1937 ceteri

235 1969 352 2042 Sopatri
365 1971 453 2027 amIci
467 1973 659 2047 advocatique
674 1976 813 2033 lecerunt.
856 1978 925 2043 lste,
933 1992 1104 2051 quamquam

234 2072 280 2125 est
294 2067 459 2125 incredibili
478 2067 695 2142 importunitate
709 2078 739 2130 et
753 2074 884 2140 audacia,
898 2079 994 2132 tamen
1009 2072 1104 2129 subito

231 2170 312 2225 solos
336 2170 487 2231 destitutus
504 2171 650 2245 pertimuit
663 2178 694 2229 et
713 2174 900 2230 conturbatus
927 2178 979 2229 est.
1023 2172 1103 2244 Quid

231 2276 339 2347 ageret,
353 2292 409 2349 quo
421 2291 453 2332 se
475 2280 611 2344 verteret,
626 2273 786 2333 nesciebat.
828 2272 861 2329 Si
881 2272 1037 2330 dimisisset
1065 2288 1102 2329 eo

230 2376 359 2447 tempore
383 2376 590 2449 quaestionem,
604 2381 668 2448 post
690 2373 749 2430 illis
763 2371 911 2438 adhibitis,
931 2389 1000 2444 quos
1022 2372 1099 2427 able·

231 2476 320 2546 garat,
335 2473 496 2529 absolutum
510 2472 545 2527 iri
561 2473 715 2543 Sopatrum
729 2468 865 2524 videbat:
878 2467 931 2524 ,sin
945 2473 1041 2522 autem
1050 2467 1100 2522 ho·

230 2570 341 2628 minem
352 2569 485 2625 miserum
496 2574 580 2641 atque
588 2568 777 2624 innocentem
786 2564 1019 2628 condemnasset,
1032 2578 1099 2620 cum

229 2668 293 2742 ipse
308 2670 422 2736 praetor
440 2665 504 2721 sine
526 2663 658 2728 consilio,
680 2679 743 2719 reus
768 2666 864 2718 autem
890 2661 954 2717 sine
978 2666 1098 2734 patrono

229 2770 315 2838 atque
340 2762 491 2819 advocatis
515 2760 624 2829 luisset,
645 2759 845 2834 judiciumque
871 2759 907 2816 C.
932 2758 1097 2816 Sacerdotis

228 2861 411 2921 rescidisset:
432 2857 573 2917 invidiam
588 2875 619 2914 se
633 2858 775 2915 sustinere
797 2873 856 2913 non
878 2873 961 2929 posse
986 2860 1097 2914 tantam

229 2961 425 3019 arbitrabatur.
468 2959 569 3029 ltaque
597 2956 747 3013 aestuabat
772 2953 971 3010 dubitationet
1001 2971 1096 3011 versa-

228 3061 278 3118 bat
291 3078 322 3116 se
336 3060 367 3117 in
382 3063 528 3132 utramque
543 3061 662 3129 partem,
676 3071 735 3111 uon
756 3054 847 3110 solnm
872 3055 978 3118 mente,
994 3066 1094 3112 verum

227 3160 316 3217 etiam
330 3175 466 3229 corpore:
487 3162 518 3214 ut
531 3173 640 3222 omnes,
652 3153 702 3229 qui
715 3154 844 3219 aderant,
855 3149 1019 3225 intelligere
1031 3171 1092 3226 pos·

224 3255 339 3323 sentin
353 3255 451 3311 animo
464 3255 525 3328 ejus
544 3255 565 3288 ⁰⁰
578 3262 687 3315 metum
701 3254 944 3329 cupiditatemque
953 3272 1090 3330 pugnare.

224 3406 1089 3526 ditttttiltttttl,iliditt‘ttttt‘ttlatitatis

223 3529 269 3577 bris
279 3528 390 3574 Ciceronis
400 3529 489 3574 confusa
497 3526 597 3580 vidimus,
610 3528 635 3570 ut
645 3526 685 3570 Or.
704 3524 733 3577 ll,
743 3529 778 3571 77.
809 3524 880 3570 Vetus
887 3524 929 3569 illa
938 3522 1005 3568 lectio
1014 3523 1088 3582 place·

222 3587 261 3647 irat
271 3587 370 3634 Nannio.
400 3587 457 3632 Rem
464 3600 541 3644 gerere
558 3586 587 3631 de
596 3582 735 3642 negotiatore
749 3587 773 3630 et
782 3588 904 3631 mercatore
914 3581 958 3627 dici
973 3580 1025 3638 scio,
1042 3595 1086 3627 non

221 3659 269 3696 rem
278 3659 349 3702 ogere.

249 3725 270 3756 ⁰⁰
284 3725 367 3769 metum
376 3721 557 3781 cupiditatemque
565 3721 686 3782 pugnoque]
717 3720 754 3768 sic
768 3721 818 3767 edd.
836 3723 892 3766 vett.
903 3717 961 3778 quod
974 3718 1084 3784 ordiatur!

220 3780 244 3826 in
253 3786 335 3828 ardum
344 3794 396 3827 cnm
404 3781 542 3838 cupiditates
551 3781 574 3828 N
575 3779 634 3829 annii
643 3783 669 3828 et
676 3780 722 3829 alic
731 3779 813 3828 codice.
824 3778 880 3828 illud
889 3781 924 3825 est
933 3779 1066 3834 exquisitim.
