2700 4675
271 579 333 640 lid
609 569 644 619 ΙΝ
657 565 801 619 VERREM
892 565 897 576 ⁴

269 718 465 795 infamiaeque
487 734 557 776 suae
570 733 664 794 nequa
683 718 798 791 pudeat,
819 731 918 790 neqrre
940 715 1082 788 taedeat3
1103 716 1145 794 qni

270 820 352 896 quasi
375 820 413 876 de
435 816 578 875 industria
595 817 629 875 in
651 816 748 874 odium
768 812 1026 890 offensionemque
1049 814 1141 891 populi

270 918 397 978 Romani
420 917 527 973 irruere
551 915 724 973 videantur:
748 914 804 971 boc
824 931 872 971 me
896 914 1041 987 profiteor
1056 932 1144 973 susce

268 1018 355 1093 pisse,
381 1031 517 1088 magnum
541 1014 662 1070 tortasse
683 1029 765 1081 onus,
786 1016 815 1069 et
837 1011 911 1069 mihi
940 1012 1141 1086 periculosum,

256 1107 468 1172 'verumtamen
494 1111 623 1185 dignum,
644 1112 676 1168 in
699 1128 757 1185 quo
778 1127 880 1167 omnes
904 1128 1019 1169 nervos
1043 1112 1140 1170 aetatis

267 1212 482 1286 industriaeque
510 1227 593 1267 meae
618 1210 838 1267 contenderem.
891 1207 1043 1281 Quoniam
1070 1215 1139 1269 totos

267 1314 339 1371 ordo
369 1328 524 1386 paucorum
544 1309 728 1383 improbitate
746 1313 777 1365 et
796 1307 921 1365 audacia
943 1308 1087 1383 premitur,
1110 1312 1140 1367 et

268 1416 385 1486 urgetur
411 1410 530 1470 infamia
550 1407 743 1483 judiciorum:
771 1407 916 1479 profiteor,
945 1406 1011 1466 huie
1037 1405 1137 1481 generi

269 1511 419 1568 hominum
444 1527 490 1567 me
514 1508 675 1575 inimicum,
696 1505 894 1563 accusatorem
909 1505 1052 1574 odiosum,
1075 1504 1140 1563 assi·

267 1610 366 1674 duum,
390 1610 527 1665 acerbum
545 1604 751 1664 adversarium.
793 1604 858 1661 Hoc
879 1603 954 1661 milri
974 1621 1066 1674 sumo,
1085 1605 1137 1661 lroo

269 1705 343 1765 milri
364 1707 499 1779 deposco,
513 1705 589 1778 quod
609 1719 694 1777 agam
713 1701 745 1759 in
767 1702 946 1776 magistratu,
966 1704 1046 1778 quod
1059 1718 1136 1776 agam

268 1822 309 1862 ex
332 1820 369 1861 eo
388 1805 465 1871 loco,
491 1821 530 1859 err
551 1819 608 1877 quo
621 1819 668 1859 me
691 1785 813 1876 populus
841 1801 992 1859 Romanus
1014 1819 1055 1859 ex
1075 1802 1135 1859 llal.

269 1904 389 1962 Januar.
410 1919 511 1960 secum
530 1918 615 1976 agere
636 1903 673 1958 de
692 1901 842 1975 republica
858 1916 894 1957 ac
914 1902 955 1958 de
975 1900 1136 1958 bominibus

268 2002 406 2077 improbis
420 2002 531 2059 voluit:
545 1999 565 2033 ⁴¹
576 2002 632 2059 hoc
646 2018 749 2060 munus
763 1999 921 2058 aedilitatis
935 2015 1022 2059 meae
1035 2001 1136 2075 populo

269 2101 403 2158 Romano
413 2101 620 2172 amplissimum
630 2099 907 2173 pulcherrimumque
917 2099 1071 2173 polliceor.
1085 2116 1136 2157 mo-

269 2214 335 2264 neo,
356 2198 501 2269 praedico,
522 2204 590 2254 ante
607 2199 764 2267 denuntio3
786 2198 835 2272 qui
856 2202 905 2254 aut
919 2199 1079 2273 deponere,
1090 2202 1135 2255 aut

268 2295 407 2370 recipere,
416 2298 466 2351 aut
474 2296 616 2369 accipere,
631 2302 681 2354 aut
692 2296 832 2371 polliceri,
842 2301 893 2354 aut
907 2303 1082 2374 sequestres,
1091 2300 1135 2355 aut

268 2394 440 2470 interpretes
453 2396 653 2470 corrumpendi
665 2396 773 2469 judicii
785 2398 881 2453 solent
893 2414 969 2465 esse,
982 2398 1090 2473 quique
1101 2395 1135 2453 ad

268 2495 345 2553 banc
366 2512 427 2553 rem
441 2494 672 2569 corpolentiam,
687 2500 736 2552 aut
749 2495 961 2567 impudentiam
981 2514 1066 2555 suam
1079 2512 1134 2571 pro

267 2594 337 2650 fessi
350 2600 425 2662 sunt,
440 2595 604 2651 abstineant
617 2594 648 2651 in
661 2594 837 2667 bocjudicio
852 2611 958 2652 munus
971 2595 1133 2670 amurcaque

217 2676 258 2734 13
269 2692 306 2746 ab
320 2690 376 2746 boc
396 2694 506 2747 scelere
521 2693 640 2750 nefario.
682 2693 746 2750 Erit
762 2697 823 2750 tum
841 2696 945 2751 consul
967 2694 1134 2754 Hortensius

267 2786 288 2819 ⁴²
297 2806 362 2846 cum
374 2807 485 2847 summo
499 2791 620 2864 imperio
633 2797 663 2848 et
673 2796 831 2864 potestate3
846 2808 902 2866 ego
914 2797 1017 2851 autem
1029 2792 1132 2858 aedilis.

268 2888 324 2946 lroc
337 2895 391 2957 est,
412 2892 508 2964 paullo
528 2890 650 2964 amplius
670 2907 755 2964 quam
775 2889 920 2964 privatus:
946 2897 1048 2950 tamen
1065 2893 1132 2950 haec

267 2987 430 3058 hujusmodi
450 3007 495 3043 res
510 2994 562 3055 est,
583 3007 667 3062 quam
686 3007 733 3046 me
754 2994 883 3045 acturum
901 3006 968 3048 esse
988 2992 1132 3065 polliceor,

267 3084 308 3138 ita
323 3085 428 3155 populo
448 3085 579 3142 Romano
592 3092 673 3157 grata
688 3093 772 3161 atque
787 3087 927 3161 jucunda,
940 3094 974 3146 ut
995 3089 1060 3164 ipse
1072 3105 1132 3147 con·

267 3182 312 3234 sul
325 3179 356 3235 in
371 3180 426 3235 hac
440 3197 528 3237 causa
547 3199 614 3253 prae
629 3201 675 3240 me
690 3186 783 3242 minus
797 3185 894 3254 etiam,
915 3185 1021 3245 silleri
1039 3186 1131 3262 possit,

266 3294 351 3353 quam
372 3276 501 3349 privatus
522 3296 584 3336 esse
600 3280 741 3339 videatur.
763 3283 861 3341 omnia
884 3301 946 3341 non
960 3288 1050 3344 modo
1064 3300 1133 3343 com

265 3377 505 3444 memorabuntur,
516 3379 568 3435 sed
581 3378 679 3448 etiam,
688 3382 827 3454 expositis
841 3383 934 3467 certis¹
944 3385 1041 3454 rebus,
1052 3400 1131 3460 agen·

296 3533 315 3565 ⁴¹
330 3532 368 3577 lios
374 3545 457 3576 munus
465 3531 584 3579 aedilitatis
592 3533 633 3594 m]
665 3534 737 3581 leura
746 3536 842 3595 elegans.
853 3535 937 3585 alludit
944 3539 975 3586 ad
984 3539 1051 3587 ludos
1062 3534 1131 3586 seffli-

264 3591 315 3648 tios,
325 3604 382 3652 quae
392 3604 486 3635 munera
495 3589 624 3638 dicebantur
637 3593 739 3654 proprie;
754 3596 813 3640 unde
822 3594 934 3644 interdum
943 3612 959 3645 a
975 3598 1085 3647 ciserae
1092 3595 1132 3643 eli·

263 3656 343 3710 gauter
352 3649 381 3696 ad
390 3648 436 3695 alia
446 3663 514 3709 opera
522 3650 586 3695 utilia
595 3653 732 3698 transfertur.

294 3730 317 3763 ⁴²
332 3745 383 3779 carm
391 3742 475 3777 mammo
484 3728 584 3789 inperio]
593 3745 614 3777 v.
626 3729 691 3778 clav.
704 3730 726 3777 in
736 3731 872 3789 Imperium:
