2700 4675
463 611 537 661 Ac'l'.
554 609 584 661 ll.
599 607 699 661 mm
713 608 849 659 ramus·
1032 607 1094 667 Μ

220 772 333 823 omnes,
342 773 438 832 neque
447 759 507 816 ulla
515 756 732 817 animadversio
740 755 979 814 oonstitneretnr:
994 749 1096 807 hisso·

223 854 335 911 ciorum
346 857 493 913 ambustus
507 855 655 925 ineendio,
667 860 768 913 tamen
781 871 820 910 ex
833 851 885 909 illa
893 851 1010 908 damma
1023 846 1096 921 peri·

224 954 347 1028 onloque
360 954 512 1025 evolavit3
533 971 627 1030 neque
639 953 735 1010 adhuc
748 968 865 1011 eanum
877 952 968 1008 ullam
980 946 1097 1020 excogi-

226 1053 288 1107 tare
301 1051 405 1123 poluit,
418 1054 604 1127 quamobrem
624 1049 809 1118 commiserit,
822 1054 873 1106 ant
895 1046 965 1123 quid
987 1061 1096 1103 evene·

226 1147 273 1214 rit,
286 1148 363 1206 utin
378 1154 488 1209 tantum
507 1150 667 1226 perieulum
695 1149 818 1208 veniret.
859 1149 929 1205 Non
947 1147 1026 1203 enim
1046 1161 1095 1218 po-

225 1249 285 1302 test
297 1246 413 1306 dicere:
434 1267 500 1309 oum
514 1249 688 1308 seditionem
711 1250 813 1307 ssdare
827 1249 946 1314 vellem,
959 1262 1026 1304 oum
1040 1243 1095 1301 irn-

227 1348 355 1403 meutnm
365 1345 544 1421 imperarem,
553 1367 620 1407 enm
629 1349 806 1422 stipendium
816 1362 960 1420 sugerem,
967 1360 1035 1401 anm
1043 1341 1095 1397 ali·

224 1441 291 1516 qnid
312 1444 437 1520 danique
450 1447 628 1521 reipublicae
641 1464 729 1505 eausa
743 1461 891 1520 gererem:
911 1443 987 1517 quod
1001 1439 1095 1497 aurius

225 1538 377 1614 imperavi,
388 1546 464 1619 quod
472 1544 759 1619 animadverti,quod
768 1543 894 1601 minatus
902 1557 974 1598 sum.
1010 1540 1103 1624 Quae·-

223 1637 249 1695 εἰ
258 1638 387 1699 diceret:
407 1647 508 1701 tamen
522 1644 634 1717 ignosci
647 1661 708 1701 nou
721 1648 875 1717 oporteret,
889 1640 913 1698 si
925 1640 1011 1698 nimis
1020 1644 1094 1698 stro·

224 1736 299 1795 aiter
318 1739 488 1814 imperando
512 1742 608 1810 soniis,
632 1741 664 1799 in
686 1747 798 1800 tantum
819 1743 960 1799 adductus
981 1740 1093 1814 porion

224 1836 285 1892 lum
293 1836 447 1896 videretur.
489 1841 577 1898 Nune
587 1858 655 1897 eum
665 1840 728 1913 ipse
738 1857 856 1898 oaumm
865 1839 945 1896 illius
955 1839 1092 1896 tumultus
1103 1838 1144 1898 28

221 1952 317 2010 neque
332 1953 432 1995 veram
445 1937 554 2005 dicere,
566 1955 662 2011 neque
676 1938 779 1993 falsam
792 1938 958 2010 contingere
970 1937 1092 1992 andeste

223 2033 313 2088 homo
326 2038 422 2090 autem
436 2033 544 2091 ordinis
557 2034 602 2090 sui
615 2034 830 2107 frugalissimus,
844 2033 894 2109 qui
915 2039 975 2090 tum
989 2050 1094 2090 aoeen·

223 2146 272 2186 sus
288 2130 323 2187 0.
337 2130 449 2188 Neroni
461 2131 524 2201 init,
539 2132 573 2189 P.
590 2131 717 2197 Tettius,
731 2132 805 2189 haee
826 2134 928 2190 eadem
942 2150 974 2189 se
988 2133 1093 2205 Lamp·

222 2229 285 2285 saci
295 2225 437 2303 cognosse
450 2229 574 2288 dixerit:
594 2230 640 2288 vir
651 2231 786 2288 omnibns
796 2232 879 2288 rebus
893 2231 1091 2288 ornatissimus

225 2325 261 2386 C.
276 2328 379 2396 Varro,
390 2328 439 2404 qui
449 2333 510 2387 tum
521 2329 553 2387 iu
569 2330 642 2388 Asia
657 2331 787 2390 tribunus
802 2330 925 2388 militum
939 2329 1003 2398 luit,
1017 2331 1092 2388 haee

224 2428 327 2483 eadem
346 2427 410 2500 ipsa
430 2446 462 2484 se
479 2446 518 2485 ex
539 2428 713 2485 Philodamo
726 2430 841 2485 audisse
854 2429 949 2485 dicat:
970 2428 1092 2500 potestis

224 2524 364 2591 dubitare,
378 2525 448 2598 quin
468 2526 556 2581 istum
569 2524 682 2581 fortuma
695 2542 755 2582 non
768 2530 829 2581 tam
844 2542 883 2581 ex
897 2525 949 2581 illo
962 2524 1093 2596 periculo

223 2622 335 2695 eripere
344 2622 477 2689 voluerit,
486 2638 573 2696 quam
584 2622 620 2679 ad
631 2628 760 2680 vestrum
766 2623 912 2696 judicium
924 2621 1092 2682 reservare!

224 2719 294 2778 Nisi
308 2735 378 2776 vero
400 2719 472 2776 illud
493 2719 582 2787 diost,
595 2722 671 2795 (arod
692 2725 723 2777 et
744 2721 775 2778 in
798 2721 965 2780 testimonio
984 2722 1092 2792 Tullii,

222 2817 318 2891 patore
332 2817 449 2875 notione
470 2817 670 2891 interpellavit
693 2818 882 2877 Hortensius:
901 2819 1000 2898 ⁰¹(quo
1019 2825 1091 2878 tem·

222 2932 291 2989 pore
305 2915 421 2991 quidem
435 2916 511 2994 signi
524 2918 595 2975 satis
608 2919 700 2986 dedit,
715 2919 823 2994 siquid
836 2925 924 2987 esset,
938 2920 1015 2993 quod
1029 2935 1092 2991 pos

222 3019 267 3071 set
280 3016 388 3084 mesre,
398 3034 430 3073 se
445 3022 542 3074 tacere
554 3034 725 3091 nonnosus,
745 3022 786 3085 ut,
796 3017 932 3093 quamdiu
942 3017 975 3074 in
985 3017 1092 3075 ceteris

224 3112 307 3170 rebus
319 3116 452 3183 tonuerit,
466 3117 541 3173 seire
560 3133 661 3174 omnes
683 3134 840 3191 possemus,
860 3116 934 3173 nihil
956 3116 1091 3174 habuisse

225 3213 301 3284 quod
324 3210 528 3290 diceret.)hoo
551 3220 612 3271 tum
632 3216 719 3283 dixit,
741 3216 953 3283 Philodamum,
977 3216 1091 3289 atejus

223 3306 325 3373 lilium,
339 3325 358 3363 a
368 3309 407 3365 G.
419 3310 537 3367 Nerone
547 3330 610 3370 esse
624 3314 786 3371 damnatos.
827 3314 874 3370 De
885 3331 941 3388 quo
952 3333 989 3372 ne
1001 3317 1092 3372 multa

224 3405 374 3472 disseram,
386 3410 499 3465 tuntum
511 3407 589 3477 dieo,
602 3415 734 3468 seomum
754 3411 785 3467 id
803 3428 867 3468 esse
882 3393 1047 3479 Neronem,
1060 3417 1091 3468 et

222 3504 286 3578 ejus
300 3502 462 3571 consilium,
475 3507 551 3579 quod
566 3507 735 3564 Cornelium
746 3508 876 3567 lictorem
887 3510 1016 3567 occisum
1027 3526 1091 3565 esse

221 3606 385 3662 constaret:
406 3606 521 3674 putasse
543 3621 602 3661 non
620 3610 754 3678 oportere
772 3625 838 3664 esse
851 3608 994 3683 cuiquam,
1008 3624 1045 3664 ne
1059 3606 1090 3663 in

223 3756 666 3879 &maxumi
696 3756 1087 3825 mammatae
