2700 4675
515 616 580 666 rito
593 616 619 665 P.
636 616 782 670 QUlN'rlo.
1049 624 1093 681 45

223 763 398 838 repudiatus,
411 764 448 821 ab
466 763 569 822 amieis
589 763 650 837 ejus
672 780 731 820 non
756 763 932 829 sublevatus,
953 763 991 818 ab
1013 762 1095 821 omni

222 861 391 936 magistratu
404 859 527 937 agitatus
547 866 633 935 atque
648 860 823 934 perterritus,
837 877 922 934 quem
935 863 1050 934 praeter
1063 865 1094 917 te

226 962 363 1033 appellet,
386 960 475 1016 habet
496 956 665 1015 neminem:
687 958 741 1016 tibi
764 976 805 1025 se,
829 958 882 1015 tibi
904 975 970 1015 suas
994 974 1095 1016 omnes

226 1074 296 1131 opes
311 1058 493 1132 fortunasque
517 1057 719 1114 commendat:
740 1056 793 1114 tibi
817 1056 974 1114 committit
996 1057 1096 1113 existi-

227 1154 385 1213 mationem
408 1173 443 1213 ao
467 1173 548 1229 spem
568 1153 695 1229 reliquae
715 1154 805 1212 vitae.
846 1154 948 1212 Multis
973 1160 1096 1213 vexatus

228 1246 420 1322 contumeliis,
430 1254 691 1328 plurimisjaotatus
701 1254 821 1329 injuriis,
830 1272 889 1311 non
902 1254 992 1327 turpis
1006 1256 1043 1312 ad
1056 1262 1096 1323 te,

224 1354 277 1410 sed
291 1353 376 1411 miser
391 1352 540 1428 confugit:
562 1371 578 1409 e
592 1352 683 1411 fundo
704 1352 887 1410 ornatissimo
901 1352 1040 1425 dejectus,
1054 1352 1095 1427 ig-

225 1451 363 1511 nominiis
376 1453 509 1510 omnibus
523 1451 679 1524 appetitus,
692 1467 759 1507 eum
771 1450 855 1507 iilum
875 1449 907 1506 in
931 1449 991 1506 suis
1005 1454 1096 1522 pater·

225 1550 271 1609 nis
286 1552 369 1608 bonis
383 1549 526 1608 dominari
548 1549 671 1616 videret,
685 1548 747 1622 ipse
772 1547 850 1605 fitiae
877 1546 970 1605 nubili
997 1549 1096 1606 dotem

194 1705 203 1717 ,
225 1651 370 1708 oonfioere
384 1667 443 1707 non
457 1653 563 1722 posset,
575 1647 648 1705 nihii
663 1647 791 1704 alienum
800 1651 898 1703 tamen
912 1646 974 1703 vitu
988 1647 1095 1721 superi·

223 1767 275 1807 ore
288 1749 441 1809 commisit.
484 1748 585 1822 ltaque
598 1752 628 1804 te
641 1748 698 1804 hoo
711 1749 852 1813 obsecrat,
869 1746 905 1803 C.
921 1746 1043 1820 Aquini,
1053 1750 1094 1814 ut,

227 1864 312 1921 quam
333 1846 591 1915 existimationem,
605 1862 691 1919 quam
712 1846 895 1901 honestatem
912 1844 943 1900 in
951 1844 1095 1916 judicium

229 1948 310 2001 tuum
332 1961 421 2016 prope
445 1948 511 1999 aeta
526 1943 590 2015 jam
604 1946 700 1997 aetate
714 1942 899 2013 decursaque,
912 1940 1018 2006 attulit,
1031 1957 1096 1998 eam

226 2039 317 2097 liceat
330 2039 359 2095 ei
382 2055 482 2096 seeum
495 2055 534 2094 ex
555 2038 611 2093 hoo
632 2040 700 2093 loeo
720 2037 837 2116 efferre:
860 2053 896 2092 ne
909 2036 945 2102 is,
964 2037 1002 2093 de
1015 2037 1096 2110 eujus

224 2135 321 2195 officio
343 2155 429 2194 nemo
454 2153 579 2211 unquam
603 2134 759 2203 dubitavit,
774 2134 957 2209 sexagesimo
970 2135 1096 2210 denique

228 2255 315 2316 anno.
329 2238 479 2305 dedecore,
494 2238 617 2302 macula,
631 2234 849 2309 turpissimaque
872 2234 1033 2308 ignominia
1045 2252 1096 2293 no-

226 2342 319 2398 tetur:
342 2357 379 2395 ne
393 2334 570 2405 ornamentis
583 2333 645 2407 ejus
658 2332 792 2390 omnibus
815 2333 886 2390 Sex.
899 2333 1030 2390 Naevius
1043 2351 1096 2407 pro

227 2437 327 2510 spoliis
349 2417 495 2492 abutatur}
516 2451 554 2490 ne
574 2450 625 2504 per
652 2435 682 2487 te
694 2419 809 2497 ωΐεηιῐ,Δ
824 2425 881 2503 quo
899 2429 1003 2495 minus,
1023 2447 1097 2502 quae

228 2531 408 2592 existimatio
416 2532 450 2586 Ρ.
461 2529 613 2600 Quintium
621 2544 710 2598 usque
719 2528 756 2583 ad
765 2531 946 2583 senectutem
954 2527 1097 2599 perduxit,

226 2634 331 2690 eadem
343 2643 432 2702 usque
446 2626 484 2682 ad
497 2641 597 2698 rogum
610 2627 804 2698 prosequatur.

258 2784 281 2816 ⁹⁰
286 2783 359 2840 serat
369 2792 411 2839 queo
419 2778 512 2840 ortam]
542 2776 634 2836 Conjeei
643 2775 699 2834 fiat,
718 2777 778 2839 quod
787 2781 811 2824 et
825 2776 951 2823 Passmstio
966 2775 990 2823 in
998 2780 1095 2824 mentem

226 2840 296 2891 venit.
327 2839 372 2886 Sed
391 2836 500 2884 Graevius
515 2835 613 2897 sequibrr
627 2837 804 2890 Hotomannum
824 2834 860 2898 qui
879 2833 1046 2905 interpretatur,
1065 2849 1095 2882 ne

224 2899 330 2955 Quintius
338 2899 381 2944 bso
388 2895 581 2957 poenssaffieiatur.
613 2895 656 2942 Sed
667 2894 691 2942 in
700 2909 729 2944 eo
743 2908 860 2957 mutto
877 2908 953 2942 mm
971 2893 1034 2955 sequi
1048 2907 1095 2942 non

223 2962 305 3025 potest,
316 2955 413 3018 addique
422 2953 521 3004 debebat
529 2953 647 3009 Quinum.
