2700 4675
460 591 524 642 sor
539 592 569 642 u.
586 594 684 643 crana
698 592 874 642 sncunnus.
1024 595 1088 656 sal

223 750 297 806 quae
311 754 361 809 pro
375 738 421 794 his
432 740 487 798 sihi
500 741 531 798 in
550 748 652 799 senatu
666 743 779 816 agenda
793 744 879 805 esset,
892 740 1040 804 docerent,
1053 737 1090 793 de

224 832 341 890 Sthenii
354 838 519 895 calamitate
530 847 644 913 questos
659 858 742 896 esse:
762 843 933 913 propterque
955 837 1031 892 hanc
1048 835 1091 891 in·

214 928 331 1002 judam,
356 953 428 1008 quae
458 937 580 994 Sthenio
602 939 679 994 lacta
702 943 787 1005 esset,
809 954 871 1006 eus¹
884 933 1029 1001 statuisse,
1051 936 1092 1000 ut,

225 1032 300 1101 quod
320 1032 395 1099 dico,
417 1037 616 1106 postularetur.
659 1037 742 1107 Quae
756 1053 822 1092 cum
845 1034 887 1090 ita
912 1036 1018 1100 essent,
1031 1035 1093 1088 tan·

223 1131 292 1183 tane
306 1132 433 1188 amentia
453 1134 597 1205 praeditus
612 1139 697 1208 atque
712 1133 834 1192 audacia
858 1130 947 1199 suisti,
961 1135 992 1187 ut
1016 1130 1046 1186 in
1063 1147 1093 1185 re

223 1228 284 1281 tam
308 1230 395 1297 clara,
419 1236 478 1288 tam
492 1238 606 1301 testata,
621 1239 680 1290 tam
704 1235 755 1289 ahs
778 1238 807 1289 te
829 1231 893 1305 ipso
914 1231 1093 1303 pervulgata,

224 1326 336 1382 tabulas
351 1330 480 1400 publicas
489 1349 671 1404 corrumpere
686 1332 806 1387 auderes
821 1328 833 1386 l
855 1330 897 1385 At
911 1327 1094 1403 quemadmo-

225 1422 294 1479 dum
307 1427 479 1501 corrupisti?
500 1448 597 1486 nonne
611 1430 662 1497 ita,
676 1433 716 1495 ut,
735 1427 867 1484 omnibus
889 1425 973 1482 nohis
996 1428 1094 1480 tacen-

225 1518 312 1588 tibus,
332 1522 441 1597 ²³ipsae
463 1531 492 1582 te
515 1532 581 1583 tuae
603 1528 718 1583 tabulae
740 1527 934 1582 condemnare
954 1519 1095 1597 possenti

225 1615 246 1649 ²²
261 1621 385 1691 Quaeso,
399 1625 533 1682 codicem
558 1626 727 1683 circumfer:
747 1626 878 1681 ostende.
894 1621 1040 1680 videtisne
1054 1626 1096 1678 to-

227 1722 289 1776 tum
299 1722 354 1778 hoc
369 1740 484 1791 nomen,
498 1741 596 1782 coram
606 1724 656 1781 ubi
671 1723 742 1781 tacit
755 1725 892 1791 delatum,
907 1721 1016 1778 esseio
1031 1721 1095 1778 litu-

228 1815 283 1873 ra?
304 1820 382 1891 Quid
405 1821 459 1879 fuit
483 1824 550 1879 istic
576 1829 662 1879 antea
683 1819 845 1895 scriptum?
865 1822 939 1894 quod
960 1821 1096 1876 mendum

228 1914 283 1971 ista
294 1918 380 1974 litura
393 1916 541 1975 correxit?
560 1918 628 1992 qnid
642 1936 659 1973 a
679 1918 772 1984 nobis,
780 1916 905 1988 judices,
919 1916 1096 1987 exspectatis

230 2020 399 2087 argumenta
422 2016 506 2089 hujus
529 2012 684 2071 criminis?
720 2013 793 2071 nihil
817 2012 958 2069 dicimus:
982 2014 1096 2068 tabulae

229 2112 339 2168 suntin
360 2112 465 2181 medio,
483 2130 556 2188 quae
570 2131 601 2169 se
616 2118 762 2187 corruptas
776 2117 861 2185 atque
875 2110 1018 2168 interlitas
1032 2128 1096 2167 esse

228 2210 365 2267 clamant.
406 2211 454 2268 Ex
477 2211 540 2269 istis
562 2211 651 2269 etiam
674 2215 706 2269 tu
721 2213 803 2269 rebus
818 2210 943 2284 effugere
961 2215 991 2266 te
1013 2226 1097 2283 posse

228 2308 359 2379 contidis,
373 2327 439 2368 cum
453 2316 483 2369 te
494 2330 547 2370 nos
558 2330 618 2371 non
631 2312 770 2378 opinione
781 2310 878 2377 dubia,
897 2312 949 2369 sed
964 2309 1019 2367 tuis
1035 2327 1098 2366 ves·

230 2403 308 2477 ligiis
331 2421 542 2479 persequamur,
569 2419 642 2474 quae
666 2401 751 2458 tuin
773 2402 878 2457 tabulis
903 2402 1026 2474 publicis
1049 2423 1098 2461 ex·

229 2517 328 2575 pressa
338 2520 374 2556 ec
383 2501 513 2554 recentia
527 2494 691 2571 reliquisti?
711 2499 741 2554 ls
755 2497 826 2553 mihi
838 2497 927 2555 etiam
943 2500 1098 2558 Sthenium

229 2599 342 2656 litteras
357 2594 485 2669 publicas
500 2595 668 2667 cormpisse,
688 2593 709 2626 ²⁵
719 2612 807 2650 causa
820 2595 978 2669 incognita,
986 2597 1099 2669 judica·

230 2695 286 2762 vit,
300 2692 348 2768 qui
371 2686 606 2749 detendere'non
630 2691 764 2764 potuerit,
785 2709 817 2748 se
837 2709 896 2750 non
916 2691 985 2751 ”ex
1009 2696 1098 2769 ipsius

259 2858 284 2890 ²³
297 2855 356 2913 ipsae
365 2860 385 2901 te
392 2859 443 2901 tuoe
451 2878 461 2888 -
469 2877 480 2888 -
486 2853 588 2913 possent]
619 2852 679 2900 aad.
691 2868 725 2914 pr.
736 2855 822 2902 habent
839 2860 859 2902 te
868 2860 921 2902 ante
927 2862 1018 2913 marat.
1029 2858 1100 2904 Forte

230 2917 351 2979 optimum:
368 2919 418 2960 tuae
426 2922 446 2958 te
455 2913 549 2959 atoue.
562 2913 618 2958 haec
628 2913 686 2958 enim
695 2918 805 2960 stmetrrra
814 2918 849 2960 est
857 2913 1009 2962 Ciceroniana.

260 2994 284 3026 24
298 2993 390 3050 Quaeso,
401 2992 446 3037 cod.
458 2991 487 3052 a]
519 2989 616 3036 Gmtero
626 2990 712 3051 placuit
726 2991 793 3038 lectio
811 2990 900 3038 illomm
917 2992 1010 3038 duomm
1025 2992 1098 3044 codd.

231 3053 297 3108 Cedo,
360 3066 394 3098 an:
405 3050 533 3111 recepitque
539 3048 654 3096 Graevius.
686 3050 802 3112 Nusquam
809 3050 840 3097 sic
849 3050 935 3097 Cicero.
947 3050 1006 3098 Cedo
1013 3067 1100 3116 semper

230 3066 387 3167 eorummet,
395 3109 534 3178 sinequaaao.
566 3108 660 3154 Ostende
698 3109 805 3156 rtinetad
823 3110 1099 3160 lituramaomeuestca-

230 3174 273 3231 put
283 3168 311 3215 de
322 3168 422 3224 Sthenio,
437 3169 494 3215 mua
506 3172 540 3214 est
549 3167 653 3214 aomenS
676 3168 729 3214 enit.
741 3183 763 3215 v.
775 3168 838 3214 clav.

261 3246 285 3280 ²⁵
299 3245 734 3308 caussaiucog.jrrdimoit·-paluerit.]
766 3248 830 3294 Haec
848 3249 959 3297 estlectio
976 3252 1026 3298 edd.
1038 3257 1101 3298 rete-
1140 3253 1142 3257 '

232 3319 289 3352 rum.
320 3305 346 3351 ln
356 3318 399 3365 qua
408 3304 503 3372 primum
513 3318 532 3372 e¹
541 3306 667 3361 conjectura
683 3306 820 3352 Hotomanni
836 3308 945 3366 elegante,
955 3311 994 3356 sed
1009 3325 1100 3356 nonne·

231 3363 333 3418 cessaria,
341 3363 423 3408 lactum
442 3361 548 3416 samua,
558 3366 637 3408 contra
646 3377 721 3408 omues
730 3364 804 3420 libros,
813 3367 873 3424 quod
882 3367 938 3414 alias
948 3367 1058 3413 Lambino
1066 3368 1099 3414 iu·

231 3421 290 3480 gerit
299 3419 415 3475 Grutems,
426 3377 542 3476 draeriuq
550 3423 594 3465 etc.
611 3419 692 3466 deinde
698 3423 770 3477 potuit
780 3437 820 3482 pro
827 3425 923 3479 potuerit
928 3442 938 3482 ,·
953 3424 1045 3485 quodid
1055 3439 1099 3472 non

232 3477 356 3526 consentire
367 3477 485 3523 videbatur
494 3491 543 3522 cum
549 3476 662 3534 judicavit
671 3492 790 3582 pequocom
800 3485 874 3527 tamen
885 3483 907 3528 h.
918 3483 934 3528 l.
945 3483 1001 3527 bene
1010 3495 1099 3527 consen-

176 3584 179 3590 ,
230 3537 267 3583 ait.
300 3537 353 3582 Non
362 3535 403 3581 ille
412 3536 532 3592 ampotuit
541 3535 667 3593 defendere,
726 3536 852 3585 sidetensio
861 3540 975 3600 postulata
983 3543 1047 3597 esset,
1054 3553 1099 3587 non

220 3636 223 3644 ,
231 3593 341 3657 potuisset
350 3593 475 3640 defendere.

261 3672 285 3704 2⁰
300 3685 327 3739 aa
341 3670 412 3727 ipsius
428 3670 451 3716 S.
461 3671 569 3775 ornatae}
597 3670 707 3718 Bodelet
722 3671 770 3719 Mn.
781 3673 874 3720 Metell.
890 3675 949 3733 quod
959 3679 1055 3732 ,seeums
1064 3680 1099 3723 est

232 3730 349 3778 Graevius.
383 3729 544 3786 lamborum.
570 3744 620 3776 .n:
636 3735 737 3799 quaeest
753 3731 800 3793 ipsa
810 3731 922 3778 Ciceronis
936 3733 1040 3780 tormain
1055 3734 1098 3782 hac

231 3804 264 3841 re.
296 3786 336 3833 aa
346 3790 419 3846 potest
428 3788 532 3833 excusari.
546 3803 597 3834 narn
607 3788 689 3835 diutur
697 3804 724 3836 aa
733 3789 790 3836 siurt
797 3807 812 3837 a
821 3790 844 3839 in
853 3789 977 3850 huiusmodi
985 3792 1097 3842 formum.

233 3845 611 3911 mammaemammal
619 3852 657 3908 est,
668 3848 788 3900 etsimilis.
