2700 4675
288 516 349 575 15⁶
588 499 867 601 mammarum

270 660 407 732 pareret,
421 672 535 724 samse
545 661 576 713 et
590 673 642 714 sua
655 655 781 713 Veneris
794 673 869 722 esse,
880 653 1005 711 dixisse.
1020 655 1156 729 judicant

286 761 501 830 recuperatores
516 756 556 824 id,
569 756 645 832 quod
659 771 778 812 necesse
792 760 871 810 erat:
892 773 992 828 neque
1006 756 1088 813 enim
1098 762 1155 813 erat

287 855 422 929 cuiquam
440 854 568 921 dubium,
592 853 662 928 quin
681 853 733 910 illa
745 852 875 909 dixisset
919 854 981 908 lste
997 854 1028 909 in
1047 872 1151 927 posses·

287 953 398 1009 sionem
406 954 545 1009 bonorum
559 951 686 1008 mulieris
699 950 806 1007 mittit:
827 950 921 1023 ipsam
933 950 1050 1008 Veneri
1061 953 1152 1010 inser·

287 1051 411 1107 vitutem
437 1048 600 1120 adjudicat:
622 1048 729 1104 deinde
750 1050 826 1104 bona
853 1048 974 1104 vendit:
1003 1050 1151 1121 pecuniam

286 1146 399 1219 redigit.
440 1147 496 1213 lta,
515 1146 583 1202 dum
607 1162 700 1218 pauca
715 1145 872 1217 mancipia,
885 1146 1016 1203 Veneris
1033 1148 1151 1214 nomine,

288 1244 411 1318 Agonis,
435 1260 470 1301 ac
494 1242 644 1317 religione,
663 1242 789 1299 retinere
810 1246 882 1310 vult,
904 1244 1034 1302 fortunas
1058 1261 1149 1302 omnes

287 1344 505 1417 libertatemque
519 1359 599 1398 suam
613 1341 695 1399 istius
709 1339 816 1412 injuria
839 1342 978 1413 perdidit.
1021 1343 1150 1417 Lilybeo

289 1461 337 1500 um
347 1442 455 1499 Verres
471 1440 553 1498 venit
566 1445 689 1515 postea:
710 1457 771 1496 rem
797 1439 965 1512 cognoscit:
986 1441 1096 1498 lactum
1108 1441 1152 1497 im·

286 1542 405 1614 probat:
426 1540 506 1612 cogit
528 1544 711 1613 quaestorem
731 1554 824 1603 suum,
839 1538 1005 1611 pecuniam,
1022 1552 1106 1613 quam
1118 1554 1150 1595 ex

289 1635 435 1711 Agonidis
448 1636 531 1692 bonis
545 1636 715 1709 redegisset,
725 1653 791 1692 eam
804 1637 919 1693 mulieri
932 1654 1053 1695 omnem
1072 1654 1150 1694 annu·

288 1752 397 1793 merare
411 1738 442 1791 et
467 1735 595 1791 reddere.
637 1734 692 1790 Est
711 1734 816 1801 adlruc,
835 1735 865 1791 id
887 1737 963 1809 quod
984 1753 1039 1792 vos
1059 1752 1150 1795 omncs

289 1832 423 1890 admirari
450 1831 546 1899 video,
566 1850 625 1895 non
643 1832 763 1899 Verres,
783 1834 834 1888 sed
863 1833 899 1904 Q.
915 1833 1053 1891 Mutius·
1080 1832 1149 1906 Quid

289 1933 368 1990 enim
383 1932 478 1989 facere
499 1931 594 2005 potuit
612 1932 774 2005 elegantius
788 1932 825 1987 ad
840 1931 990 1990 hominnm
1012 1932 1150 1989 existima·

290 2028 422 2089 tionem?
446 2030 563 2104 aequius
577 2030 614 2086 ad
628 2030 783 2086 levandam
797 2028 926 2086 mulieris
941 2025 1151 2089 calamitatuni

289 2129 491 2184 vehementius
519 2129 556 2183 ad
579 2128 737 2201 quaestoris
764 2127 915 2185 libidinem
938 2123 1149 2187 coiircendam?

291 2226 409 2281 Summe
437 2226 511 2280 haec
539 2224 637 2281 omnia
658 2225 732 2283 mihi
753 2226 890 2284 videntur
912 2245 977 2285 esse
1005 2228 1153 2286 laudande·

291 2324 352 2381 Sed
363 2321 511 2397 Vrepente
525 2341 542 2380 e
558 2322 693 2398 vestigio,
709 2345 749 2383 ex
768 2326 894 2395 homine,
905 2332 1057 2403 tamquam
1066 2326 1151 2403 aliquo

290 2423 415 2482 Circaeo
435 2425 549 2497 poculo,
564 2423 655 2480 factus
681 2429 726 2481 est
739 2426 857 2482 Verres.
880 2426 957 2483 redit
968 2428 1008 2484 ad
1030 2445 1063 2484 se
1075 2433 1151 2500 atquc

290 2525 326 2580 ad
341 2542 434 2581 mores
448 2540 522 2580 suos.
544 2539 611 2580 nam
632 2540 671 2579 ex
689 2523 741 2579 illa
760 2523 886 2596 pecunia
899 2542 1040 2600 magnam
1050 2531 1150 2601 partem

290 2622 327 2674 ad
347 2639 378 2674 se
393 2621 495 2675 vertit:
517 2621 630 2677 mulieri
653 2621 779 2678 reddidit
800 2608 970 2695 quantulum
982 2609 1088 2682 >visum
1103 2626 1148 2679 est

240 2710 276 2765 {8
291 2717 349 2773 Hic
358 2722 397 2783 tu,
406 2718 431 2773 si
446 2720 554 2775 laesum
568 2726 624 2776 tea
638 2720 732 2776 Verre
746 2737 810 2776 esse
824 2721 923 2790 dices3
945 2723 1043 2795 patiar
1051 2729 1081 2781 et
1089 2739 1155 2784 con.

289 2817 408 2873 cedam:
430 2817 455 2872 si
469 2817 601 2890 injuriam
613 2817 665 2875 tibi
679 2819 785 2875 factam
800 2820 944 2892 quereris3
965 2823 1148 2879 delendamet

289 2919 410 2989 negabo.
453 2916 568 2973 Deinde
580 2919 615 2972 de
627 2917 743 2988 injuria,
757 2935 830 2990 quae
845 2917 899 2973 tibi
912 2919 993 2975 lacta
1007 2921 1055 2988 sit,
1068 2918 1147 2978 nemi·

290 3033 357 3070 uem
371 3021 497 3070 nostrum
511 3014 672 3085 graviorem
688 3015 836 3072 vindicem
855 3034 920 3072 esse
935 3023 1060 3091 oportet,
1072 3032 1147 3094 quam

289 3113 319 3167 te
330 3110 431 3181 ipsum,
443 3110 490 3165 cui
506 3111 583 3166 lacta
597 3112 712 3168 dicitur.
756 3112 790 3169 si
811 3118 841 3169 tu
860 3131 928 3171 cnm
942 3117 997 3172 illo
1011 3122 1110 3190 postea
1119 3115 1146 3171 iu

289 3207 409 3279 gratiam
430 3207 543 3263 redisti:
571 3207 624 3264 Vsi
646 3211 724 3266 domi
748 3211 825 3267 illius
846 3212 1002 3286 aliquoties
1030 3211 1147 3281 sundri

289 3304 340 3361 ille
354 3306 427 3377 apud
447 3309 476 3361 te
498 3310 599 3379 postea
615 3309 774 3365 coenavit:
795 3314 891 3366 utrum
912 3316 943 3367 te
963 3314 1147 3385 perfidiosum,

289 3422 327 3461 au
353 3404 613 3476 praevaricatorem
640 3406 801 3464 existimari
823 3407 940 3469 mavis?
962 3412 1065 3471 Video
1089 3427 1145 3469 esse
1169 3457 1173 3467 .

318 3559 342 3592 ²⁷
355 3561 461 3615 repentes
470 3559 576 3621 cotim]
600 3560 695 3618 Repente
704 3563 798 3621 glossam
807 3566 889 3622 putant
899 3563 1022 3614 Manutius
1031 3571 1056 3614 et
1063 3563 1148 3615 Guiliel·

288 3618 351 3665 mius.
384 3617 446 3663 Alius
455 3617 512 3662 sorte
522 3633 532 3662 c
541 3620 636 3676 uestigio,
644 3635 737 3681 quocum
746 3637 790 3667 non
799 3621 897 3667 suaviter
906 3626 1021 3672 concurrit
1028 3641 1056 3674 a
1062 3625 1148 3673 m

318 3698 340 3729 2⁰
354 3696 718 3756 sanmaosusaqnaafaou.
763 3699 1150 3767 Addidifcdaexedd.rettqwt

290 3760 374 3804 temore
383 3755 495 3802 exciderat
504 3770 517 3802 e
526 3755 668 3807 Gruteriaua.
725 3759 778 3806 abet
787 3764 811 3805 et
820 3759 867 3806 Ma
882 3760 926 3808 Gn
