2700 4675
292 546 357 606 333
629 540 822 593 mannaan

292 693 336 746 ret
359 688 489 758 idoneus,
510 695 542 747 nt
564 690 707 758 vinceret,
728 692 838 748 iactum
859 705 923 746 esse
947 699 1079 757 semper:
1099 695 1160 737 non

291 788 377 845 modo
389 788 551 847 Siculorum
565 789 638 847 nihii
652 790 683 847 in
698 791 752 846 irae
766 807 797 845 re
813 787 937 845 valuisse
953 780 1107 857 tegrenses}
1120 794 1158 833 ne

290 886 328 941 ab
351 892 453 943 senatu
474 887 589 961 quidem
612 890 773 961 populoque
795 887 927 943 Romano
945 885 1036 940 datas.
1079 878 1159 948 Quas

289 983 368 1040 enirn
383 985 461 1057 teges
475 984 561 1042 sooiis
572 986 730 1060 amicisque
741 987 791 1041 dnt
804 985 838 1051 is,
848 983 897 1058 qui
907 984 994 1039 narret
1005 974 1158 1049 imperium

288 1096 306 1137 a
327 1084 432 1153 populo
454 1083 595 1150 Romano,
614 1085 816 1140 auctoritatem
840 1085 937 1156 legum
960 1078 1120 1135 dandarum
1140 1086 1162 1127 t

283 1184 407 1235 senatu:
429 1181 483 1235 hae
497 1182 605 1237 debent
618 1186 648 1236 et
662 1181 761 1254 populi
783 1162 910 1237 Romani
931 1182 962 1234 et
975 1178 1094 1261 senatus
1109 1185 1160 1225 ex·

288 1276 418 1333 intimari.
459 1278 592 1335 Halesiui
615 1296 665 1351 pro
686 1279 783 1335 multis
804 1283 836 1335 et
855 1275 968 1349 magnis
987 1273 1046 1330 suis
1068 1268 1161 1340 majo·

289 1391 407 1448 rumque
419 1394 533 1434 suorum
546 1377 578 1433 in
593 1377 797 1449 rempublicam
808 1382 932 1433 nostrum
946 1371 1056 1431 meritis
1067 1373 1162 1440 atquo

289 1473 449 1542 beneficiis,
463 1492 515 1531 suo
530 1475 597 1548 jure
610 1491 709 1547 nuper,
721 1476 757 1531 L.
771 1474 898 1540 Licinio,
917 1474 955 1543 Q.
970 1468 1072 1527 itiuoio
1087 1481 1161 1521 oon·

286 1571 405 1638 autibus,
419 1589 485 1629 oum
496 1574 635 1629 haberent
646 1572 722 1629 inter
734 1590 766 1628 se
777 1569 989 1629 controversias
1002 1567 1039 1622 de
1053 1566 1159 1619 senatu

286 1671 459 1741 cooptando,
475 1673 552 1741 teges
561 1673 598 1727 ab
608 1677 710 1727 senatu
722 1677 819 1727 nostro
830 1668 1004 1741 petiverunt.
1046 1663 1158 1719 Dente·

286 1766 330 1823 vit
343 1774 459 1824 senatus
470 1769 628 1824 honorifico
638 1772 754 1825 senatus
765 1768 908 1832 consulto,
920 1770 950 1824 ut
962 1763 1006 1819 tris
1019 1762 1056 1819 C.
1068 1760 1156 1817 Clau·

285 1864 359 1931 dius,
369 1866 460 1938 Appii
468 1866 553 1932 titius,
562 1867 695 1933 Pulcher,
704 1866 870 1939 praetor‚rie
878 1869 982 1920 senatu
990 1858 1155 1932 cooptando

285 1965 366 2037 teges
387 1965 592 2021 conscriberet.
633 1965 669 2022 C.
691 1964 841 2031 Claudius,
858 1960 996 2018 adhibitis
1018 1955 1153 2015 omnibus

287 2061 446 2130 Marcellis,
456 2063 504 2137 qui
515 2067 674 2130 tumerent,
684 2065 721 2120 de
732 2081 829 2120 eorum
840 2060 985 2118 sententia
999 2060 1079 2131 teges
1093 2054 1153 2111 Ha·

283 2160 386 2217 iesinis
401 2162 500 2217 dedit:
522 2162 551 2218 in
566 2162 666 2234 quibus
681 2165 771 2217 multa
787 2159 886 2217 sanxit
899 2161 935 2215 de
951 2160 1047 2213 astate
1061 2148 1154 2210 homi·

283 2274 362 2324 num,
376 2276 414 2313 ne
428 2258 490 2331 quis
509 2258 603 2314 minor
619 2259 739 2332 triginta
754 2259 839 2315 annis
860 2261 944 2324 natu3
965 2256 1001 2310 de
1022 2255 1152 2326 quaestus

283 2374 367 2431 quem
381 2357 430 2431 qni
443 2357 569 2424 fecisset,
582 2376 619 2413 ne
637 2362 796 2431 tegeretum
821 2359 858 2413 de
871 2372 970 2421 oensu,
989 2354 1027 2409 de
1045 2347 1153 2408 ceteris

283 2457 376 2512 rebus.
391 2455 577 2529 quueomnia,
591 2461 659 2512 ante
673 2456 758 2512 istum
770 2461 939 2527 praetorem,
953 2459 982 2520 et
992 2456 1152 2507 nostrorum

283 2553 498 2626 magistratuum
517 2554 696 2620 auctoritate,
709 2560 740 2610 et
753 2554 956 2611 Halaesinorum
972 2566 1085 2607 summa
1099 2562 1150 2602 vo·

283 2652 394 2707 luntste
409 2654 568 2708 vetuerunt.
588 2652 626 2707 ab
639 2651 697 2707 isto
709 2656 739 2707 et
752 2668 865 2723 praeno,
879 2650 927 2724 qni
946 2648 1050 2714 voluit,
1062 2647 1156 2715 isnin,

282 2749 413 2805 ordinem
424 2748 515 2821 pretio
528 2732 668 2805 mercatus
682 2754 777 2815 estet
790 2748 871 2820 pueri
884 2764 1026 2804 annorum
1045 2759 1147 2802 senum

282 2852 489 2921 septenumque
517 2849 632 2915 denum,
655 2846 830 2904 senatorium
857 2863 963 2902 nomeu
993 2839 1148 2901 nundinati

282 2951 359 3002 sunt:
374 2952 413 3013 et,
422 2948 496 3020 quod
508 2945 650 3014 Halmiui,
658 2945 850 3019 antiquissimi
858 2949 888 3001 et
896 2941 1056 3000 fidelissimi
1065 2938 1147 3006 aonii,

281 3048 367 3115 atque
380 3044 478 3110 amici,
493 3045 602 3100 Rornae
613 3044 809 3115 impetrarant,
821 3047 853 3100 ut
866 3043 940 3116 apud
951 3060 983 3098 se
996 3059 1035 3097 ue
1049 3038 1146 3096 suffra·
1229 3045 1232 3054 '

280 3137 336 3208 giis
349 3137 465 3208 quidem
479 3139 540 3193 fieri
555 3140 665 3204 liceret,
679 3140 709 3194 iu
725 3142 826 3212 pretio,
838 3146 871 3198 ut
883 3139 944 3197 tieri
958 3143 1065 3212 posset,
1079 3137 1144 3194 effe·

227 3246 269 3303 50
280 3232 330 3289 cit.
373 3232 559 3304 Agrigentini
572 3235 608 3288 de
619 3240 720 3291 senatu
732 3240 895 3311 cooptando
907 3236 1053 3310 Scipionis
1064 3238 1142 3308 leges

225 3319 227 3323 ⁵
279 3330 410 3403 antiquas
425 3329 547 3385 habent:
569 3330 600 3387 in
614 3332 715 3405 quibus
729 3339 759 3390 et
773 3337 876 3392 eadem
889 3323 939 3393 iiia
952 3339 1055 3391 saneta
1068 3336 1143 3400 suut,

278 3435 309 3486 et
322 3431 378 3485 hoo
389 3426 527 3499 amplius:
547 3446 613 3485 cum
623 3430 879 3504 Agrigentinorum
889 3435 946 3490 duo
956 3450 1064 3507 genera
1074 3432 1142 3500 sint,

278 3546 366 3586 unum
377 3531 516 3593 veterum,
526 3528 648 3585 attemm
658 3533 834 3599 colonorum,
844 3550 914 3607 quos
932 3530 953 3563 ⁴⁵
962 3532 1001 3590 Τ.
1013 3530 1141 3589 Maurius

276 3680 384 3751 reliquum
395 3696 409 3726 a
421 3680 493 3738 glossa
501 3681 542 3729 sit:
558 3683 606 3736 sut,
615 3681 664 3729 siis
674 3684 745 3741 pretio
759 3683 862 3736 maron.
878 3684 958 3731 omisso
973 3683 1059 3730 altero:
1075 3682 1141 3744 idque

276 3752 346 3795 magn
355 3742 429 3800 placet
436 3740 465 3786 ob
474 3741 599 3802 elegantem
607 3756 669 3787 usum
679 3742 740 3789 verbi
750 3743 929 3790 extructionibus.
941 3758 963 3790 v.
972 3742 1037 3790 clav.
1047 3741 1072 3788 iu
1081 3743 1103 3788 tr.
1116 3755 1140 3787 v.

304 3816 326 3848 ¹⁵
341 3816 370 3863 P.
385 3819 506 3883 Montius]
537 3817 667 3880 Pighiusad
679 3837 699 3868 a.
710 3825 759 3871 546.
770 3834 792 3881 p.
803 3825 854 3871 203.
870 3822 960 3883 oor‘rigit
972 3823 1000 3871 0.
1011 3821 1138 3870 Masso
