2700 4675
427 594 500 651 acl.
517 598 547 650 lt.
562 596 661 651 hissa
674 592 850 648 succubus.
1005 594 1065 659 311

205 742 262 804 mis
275 744 308 803 ln
324 746 441 821 publico
461 747 556 821 posita
574 747 707 813 vidisset,
730 744 893 802 adamavit:
915 741 1071 800 aSthenic

205 850 306 917 petere
319 845 425 917 coepit,
444 850 477 901 ut
490 846 527 901 ad
541 859 577 901 ea
594 844 724 902 tollenda
736 859 853 915 operam
866 856 947 898 suam
961 840 1073 913 prolite·

205 947 293 1007 retur,
304 959 393 1016 seque
406 942 567 1016 adjuvaret.
610 940 749 998 Sthenius
762 954 833 997 vero
846 955 905 996 non
918 940 1011 995 solum
1024 954 1073 994 ue

204 1040 297 1114 gavit,
309 1039 463 1098 sedetiam
476 1040 612 1107 ostendit,
625 1041 655 1097 id
666 1039 729 1096 lieri
742 1041 822 1096 nullo
836 1040 923 1095 modo
935 1054 1029 1111 posse,
1042 1039 1075 1093 ut

204 1138 290 1211 signa
300 1139 508 1213 antiquissima,
517 1144 703 1197 monumenta
717 1138 750 1195 Ρ.
764 1137 906 1206 Africani,
914 1156 952 1194 ex
966 1136 1075 1210 oppido

201 1235 472 1305 'l'hc'rmitanomm
501 1237 641 1296 incolumi
668 1238 721 1294 illa
746 1237 869 1294 civitate
896 1236 1073 1309 imperioque

202 1331 304 1408 'populi
316 1336 451 1403 Romani,
465 1339 641 1394 tollerentur.
674 1336 803 1401 Etenim,
812 1340 844 1390 ut
855 1334 939 1389 simul
951 1333 985 1390 P.
996 1332 1072 1389 Airi-
1082 1323 1123 1383 85

200 1434 272 1489 'cani
292 1451 404 1509 quoque
415 1435 625 1493 humanitatem
639 1439 669 1490 et
679 1471 681 1476 -
690 1435 865 1507 aequitatem
878 1432 1073 1505 cognoscatis,

200 1531 342 1603 ‘oppidum
369 1532 519 1588 Himeram
541 1531 799 1605 Karthaginienses
822 1531 966 1605 quondam
987 1548 1072 1605 ceps·

201 1633 286 1698 tanta
299 1631 374 1703 quod
385 1629 476 1687 fuerat
487 1630 518 1686 in
530 1631 627 1703 primia
638 1630 759 1688 Siciliae
772 1631 880 1687 clarum
889 1634 919 1687 et
929 1637 1070 1688 ornatum.

198 1727 316 1799 Scipio,
335 1729 384 1801 qui
397 1730 453 1786 huc
467 1730 585 1802 dignum
604 1732 711 1803 populo
725 1730 858 1787 Romano
878 1729 1071 1794 arbitraretur,

199 1819 281 1882 ¹bello
291 1826 426 1883 coniecto
439 1828 539 1883 'socios
553 1846 605 1883 sua
614 1847 668 1900 per
682 1834 809 1885 nrrstrarn
823 1829 977 1885 victoriam
991 1845 1071 1886 recu·

197 1941 319 1997 perare3
339 1923 455 1979 Siculis*
466 1924 607 1989 omnibus,
622 1926 802 1996 Karthagine
821 1931 917 1996 capta,
935 1943 1009 1997 quae
1022 1943 1071 1997 po·

202 2022 268 2088 luit,
286 2021 463 2077 restituenda
479 2021 600 2076 curavit.
643 2020 764 2077 Himera
776 2023 883 2088 deleta,
902 2039 973 2094 quos
986 2021 1070 2078 cives

195 2119 275 2175 belli
285 2118 436 2174 calamitas
450 2117 572 2193 reliquus
584 2120 703 2186 lecerat,
715 2120 738 2175 ii
752 2136 816 2176 sese
831 2120 967 2176 Thermis
981 2122 1069 2177 collo·

199 2217 312 2283 'carant‚
326 2217 491 2289 inejusdem
504 2220 566 2292 agri
575 2218 693 2287 limbus,
708 2219 802 2294 neque
815 2222 901 2294 louge
912 2223 949 2276 ah
962 2221 1069 2294 oppidu
1095 2274 1097 2277 .

195 2316 329 2389 antiquo.
372 2317 412 2374 Hi
426 2323 579 2390 sopatrum
593 2319 735 2377 fortunam
749 2338 785 2377 ac
799 2320 971 2394 dignitatem
989 2339 1069 2378 recu·

195 2432 301 2488 parare
315 2416 533 2481 arbitrabantur,
546 2433 613 2472 cum
631 2418 684 2472 illa
696 2421 840 2489 majorum
853 2425 1024 2475 ornamenta
1036 2421 1069 2477 in

157 2508 167 2531 ³
197 2527 300 2569 eomm
320 2513 428 2583 oppido
450 2514 675 2569 collocabantur.
694 2545 698 2557 ·
720 2514 812 2569 Erant
831 2516 915 2587 signa
937 2533 977 2570 ex
1000 2532 1069 2574 aere

199 2611 363 2679 compluraz
382 2608 413 2663 iu
428 2607 473 2664 his
491 2609 564 2666 mira
577 2609 790 2682 pulchritudine
804 2610 866 2683 ipsa
886 2612 1015 2682 Himera,
1035 2614 1068 2672 in

200 2705 371 2765 muliebrem
397 2705 515 2778 figuram
540 2706 726 2782 habitumque
748 2709 878 2777 sarmata,
901 2729 939 2768 ex
967 2712 1068 2785 oppidi
1092 2761 1097 2768 .

201 2803 321 2862 nomine
335 2808 365 2860 et
379 2803 513 2872 fluminis,
527 2809 590 2861 erat
602 2805 691 2863 etiam
707 2806 867 2863 Stesichori
885 2807 990 2880 podiae
1010 2815 1067 2866 sta·

194 2907 251 2960 ⁴tua
277 2903 387 2968 senilis,
410 2903 541 2969 incurva,
563 2918 636 2959 cum·
657 2903 738 2970 libro,
758 2920 878 2970 summo,
902 2910 934 2960 ut
955 2912 1066 2977 putant,

201 3001 326 3059 artificio
338 3001 431 3058 lacta:
451 2998 528 3074 aqui
546 3001 600 3058 l'uit
623 3001 769 3067 Himerae,
783 3003 835 3058 sed
848 3007 878 3058 et
891 3008 945 3069 ast,
964 3010 995 3062 et
1011 3005 1066 3065 tuit
1091 3053 1093 3057 .

199 3098 220 3132 ⁰⁴
229 3106 289 3156 tota
300 3100 427 3157 Graecia
440 3117 552 3158 summo
564 3107 679 3174 propter
691 3099 839 3174 ingenium
850 3101 958 3159 honore
971 3111 1001 3162 at
1015 3124 1065 3164 uc·

199 3200 288 3258 mine.
331 3200 413 3256 Haec
433 3201 488 3257 iste
503 3202 539 3257 ad
558 3201 702 3257 insaniam
720 3200 915 3274 concupierat.
956 3205 1064 3273 Etiam,

198 3298 274 3374 quod
289 3314 381 3368 paene
394 3298 537 3368 praeterii,
550 3301 665 3371 capella
677 3300 816 3371 quaedam
827 3307 880 3369 est,
894 3320 930 3359 ea
948 3304 1065 3377 quidem

229 3453 252 3484 ⁹³
266 3449 491 3510 pasuitHimarua.]
524 3450 582 3496 Edd.
594 3463 627 3511 pr.
639 3451 724 3500 addunt
731 3454 759 3499 ab
767 3468 797 3509 m,
807 3455 865 3516 qrrcd
876 3455 1063 3502 essetdeartilice

199 3510 343 3580 capiendum
360 3509 397 3570 qui
407 3509 480 3555 nullus
489 3514 673 3578 commemomhrr
684 3513 743 3582 apud
753 3518 845 3559 veteres.
876 3514 1012 3561 Stesichcnu
1021 3513 1064 3560 luit

197 3569 339 3673 Ξὲιὲῗηωι
371 3571 407 3614 Ab
417 3583 439 3615 ca
449 3582 492 3614 nen
501 3570 543 3615 tun
552 3582 575 3613 m
583 3568 630 3614 Ma.
641 3569 733 3627 Naumr,
743 3587 808 3633 quam
817 3573 925 3620 Gruterus
934 3582 1019 3619 samtm
1028 3577 1064 3619 est

228 3705 250 3736 ⁰⁴
265 3709 307 3750 ictu
316 3705 428 3778 Graecia]
453 3704 587 3779 ‚md-fist:
599 3705 625 3752 in
639 3706 845 3782 Gramanquodlet
854 3708 963 3780 (imerius
976 3713 1063 3781 arentin

198 3762 400 3883 ἷιὲζοὶἕρξὲἕΐιίἳῖ
405 3770 485 3815 rectius
499 3765 554 3813 maha
563 3767 673 3838 videtne
691 3769 788 3819 Facrhus
802 3769 885 3844 libram
894 3767 1062 3827 addrdeuuttra

241 3921 311 3962 vau.
333 3923 380 3963 lv«
558 3953 564 3967 .
612 3910 649 3966 29
669 3905 690 3943 ⁴*
