2700 4675
249 510 316 573 3³0
582 503 776 558 russanen

250 655 382 716 hitshitls
391 656 558 730 exemplum
565 657 698 731 judicum
707 658 822 716 illomm
832 654 923 730 sequi,
931 654 1120 731 qaidamna·

251 763 283 815 to
303 759 360 816 Cn.
384 758 549 824 Dolabella,
569 757 786 813 damnationem
808 755 974 812 Philodami
997 756 1121 830 Opuntii

250 858 439 924 resciderunt,
458 855 563 931 ³¹quod
589 855 615 913 ia
638 872 697 913 non
720 858 824 912 absens
839 872 904 911 reos
917 854 1011 912 iactus
1022 862 1117 925 erset3

242 973 324 1030 onae
338 974 382 1012 res
396 955 576 1029 iniquissime
593 960 624 1011 et
638 954 823 1011 acerbissima
846 959 907 1009 est:
927 955 980 1009 sed
1000 971 1067 1010 cum
1085 952 1115 1009 ei

251 1055 358 1127 legatio
379 1056 501 1111 Romam
515 1071 533 1109 a
546 1052 604 1109 suis
618 1054 734 1110 civibus
754 1057 831 1108 esset
851 1046 941 1109 data?
963 1053 1049 1123 Quod
1072 1050 1116 1108 illi
1140 1102 1142 1106 .

245 1152 359 1228 judices
373 1155 462 1210 multo
475 1153 507 1209 in
531 1152 641 1209 leviore
655 1170 742 1209 causa
757 1158 926 1219 statuemni,
940 1153 1116 1227 aequitatem

250 1251 358 1310 secuti:
381 1270 433 1309 vos
445 1253 477 1308 id
490 1256 615 1308 statuere
629 1250 660 1307 in
674 1251 845 1323 gravissima
865 1268 962 1318 cansa,
989 1268 1115 1323 praeser-

215 1401 221 1421 .,
248 1351 303 1408 tim
316 1352 436 1409 aliorum
449 1351 621 1409 auctoritate
629 1350 694 1423 jam
707 1350 914 1416 confirmatum,
922 1345 1114 1405 dubitabitis?

197 1445 238 1506 45
292 1452 334 1507 At
347 1468 432 1525 quem
446 1451 603 1517 homiuem,
617 1450 653 1507 C.
675 1449 791 1516 Verres,
817 1454 906 1516 tants,
924 1456 983 1505 tam
1005 1445 1116 1521 insigni

249 1547 354 1619 injuria
384 1546 529 1605 affecisti?
558 1548 642 1621 cujus
664 1548 791 1604 absentis
819 1564 924 1603 nomen
956 1542 1116 1618 recepisti?

248 1662 334 1719 quem
347 1648 508 1712 absentem,
522 1663 579 1702 non
595 1648 681 1702 modo
694 1645 758 1701 sine
772 1646 904 1714 crimine,
916 1650 947 1701 et
956 1645 1113 1713 sineteste,

248 1759 350 1800 verum
364 1743 452 1800 etiam
467 1744 531 1800 sine
545 1750 715 1800 accusatore
727 1742 895 1802 damnasti?
914 1744 1010 1817 Quem
1024 1743 1131 1824 homi·=

248 1838 339 1900 nem?
370 1842 412 1899 dii
438 1843 636 1899 immortales!
669 1860 728 1898 non
755 1843 852 1899 dicam
880 1842 1005 1899 amicum
1025 1850 1135 1914 tuum,

247 1936 352 2016 ⁸'quod
367 1943 441 2014 apud
457 1941 587 1998 homines
601 1941 780 1998 carissimum
800 1947 862 1998 est:
883 1960 941 1999 non
962 1943 1114 2015 hospitem,

248 2042 322 2115 (prod
337 2040 549 2097 sanctissimum
563 2046 625 2096 est:
647 2040 720 2096 nihil
736 2040 815 2097 enim
830 2041 924 2098 minus
939 2041 1063 2099 libenter
1075 2042 1113 2097 de

249 2138 374 2195 Sthenio
387 2154 602 2194 commemoro:
624 2139 698 2195 nihil
713 2138 790 2195 aliud
810 2140 842 2196 in
861 2157 906 2206 eo,
927 2142 1002 2213 quod
1023 2157 1115 2214 repre·

247 2236 337 2292 hendi
359 2238 456 2306 possit,
481 2235 612 2302 invenio,
627 2236 684 2291 nisi
697 2240 772 2310 quod
793 2239 879 2294 homo
898 2238 1113 2312 frugalissimus,

246 2340 332 2410 alque
340 2333 549 2409 integerrimus,
558 2339 596 2402 te,
608 2335 754 2393 hominem
765 2340 881 2410 {lienum
891 2339 991 2410 stupri,
1002 2338 1114 2413 flagitii,

246 2435 373 2501 sceleris,
394 2435 508 2491 domum
532 2451 613 2490 suam
637 2435 794 2505 invitavi13
816 2437 871 2493 nisi
895 2439 982 2511 quod,
1006 2437 1054 2512 qui
1075 2437 1111 2496 0.

247 2534 346 2601 Marii,
360 2534 416 2590 On.
433 2533 573 2605 Pompeji,
585 2533 620 2589 Ο.
634 2533 777 2600 Marcelli,
792 2535 827 2590 L.
841 2535 995 2603 Sisennae,
1010 2535 1052 2592 tui
1065 2536 1112 2593 de·

246 2631 376 2697 iensoris,
390 2637 606 2705 ceterorumque
621 2631 746 2688 virorum
767 2632 984 2690 fortissimorum
1009 2636 1112 2708 hospes

245 2729 346 2786 luisset
364 2735 449 2805 atque
462 2735 556 2806 esset,
576 2730 613 2785 ad
633 2747 700 2786 eum
722 2748 870 2787 numerum
889 2731 1112 2791 clarissimorum

245 2827 394 2884 hominum
409 2834 487 2883 tuum
498 2845 608 2902 quoque
630 2845 735 2884 nomen
760 2829 920 2901 adscripsit.
964 2832 1062 2902 Quare
1074 2833 1110 2887 de

244 2925 372 2997 hospitio
386 2926 505 2992 violato,
519 2934 549 2982 et
563 2928 599 2982 de
624 2925 680 2983 isto
705 2930 753 2983 tuo
773 2927 883 2984 nefario
902 2930 1016 2986 scelere
1037 2930 1109 2987 nihii

244 3037 367 3093 queror:
388 3024 443 3078 hoc
458 3024 534 3088 dico,
550 3041 607 3080 non
622 3025 669 3092 iis,
682 3024 730 3098 qui
752 3025 906 3082 Sthenium
926 3032 1042 3096 norunt,
1056 3030 1110 3086 hoc

271 3168 393 3238 &quodie
407 3171 607 3240 conclamantia]
640 3177 675 3222 En
685 3178 727 3223 hoc
736 3178 949 3225 locomenonmtis
958 3181 1110 3242 expediente

242 3234 1012 3354 scrutaturuscoacessit,tumulant
1019 3239 1110 3344 arm

242 3360 301 3399 nem,
312 3344 330 3390 si
339 3343 454 3389 historiam
463 3345 573 3402 sciremus,
582 3349 610 3393 ad
619 3364 687 3409 qnam
697 3353 740 3398 hoc
749 3354 852 3413 pertinet„
884 3355 951 3404 Quod
961 3356 1108 3414 delegamus

241 3403 477 3524 {iffimeitlotomannus
487 3405 559 3462 affert,
568 3408 682 3468 proprium
691 3421 725 3456 est
734 3410 853 3459 Romanis:
870 3413 900 3458 ad
909 3414 1057 3473 provinciales
1067 3427 1108 3461 noa

272 3478 316 3507 rm
342 3497 347 3507 .

163 3561 169 3572 ι
271 3541 294 3573 ³²
309 3539 433 3608 quodppud
441 3538 737 3608 mammaemammal
769 3546 1109 3606 Primum,onrnpudiomincsi

241 3597 344 3644 Proiecto
353 3599 432 3644 Cicero
445 3604 530 3657 scripsit
539 3603 600 3656 opud
609 3617 689 3659 omncs,
701 3612 769 3672 atque
778 3605 846 3652 etiam
857 3608 955 3668 suspicor
971 3609 1107 3656 wasemes

241 3669 288 3702 esse
297 3657 442 3726 deprayaium
452 3657 631 3728 egrnoisar'mum
636 3678 646 3716 ,¹
661 3662 696 3707 cui
706 3664 757 3708 dem
767 3664 824 3732 bene
839 3668 960 3726 respondet
973 3667 996 3713 in
1015 3668 1107 3727 hospite,

241 3714 648 3830 ffiwstgqmrsessstmsvsmagstvesslolmszner
668 3725 692 3767 ci
710 3735 783 3769 orrum
798 3736 824 3768 tn
842 3724 905 3773 libris
922 3725 1047 3788 permutari
1064 3734 1107 3776 m

407 3810 412 3820 ι
440 3807 447 3822 0
557 3807 563 3821 θ
587 3807 593 3834 )
620 3811 624 3821 ¹
