2700 4675
471 576 544 626 ror.
561 576 592 623 u.
605 573 704 624 urea
717 576 848 625 carmus.
1033 579 1093 638 201

221 725 331 791 tostius,
353 740 401 779 me
423 726 495 781 tunc
518 723 654 791 tacuisse,
678 740 716 779 an
737 740 816 779 nunc
840 723 949 777 dicere.
991 721 1095 778 flictu

223 823 342 878 sortasse
357 822 415 877 erio
423 822 559 894 diligens,
570 840 607 877 ue
620 838 708 895 quam
721 837 776 891 ego
796 821 896 874 horam
909 820 946 875 de
971 818 1044 874 meis
1057 822 1096 874 te

221 921 331 994 gitimis
346 919 424 975 horis
440 920 594 975 remittam.
616 919 673 974 uiri
687 917 917 989 omnitempore,
936 918 1011 990 quod
1025 916 1097 971 mihi

223 1021 289 1092 lege
301 1034 473 1075 conoessum
488 1020 542 1083 eet,
556 1018 660 1072 abusus
681 1033 739 1083 ero,
757 1034 890 1090 querere:
910 1013 996 1071 deum
1010 1021 1096 1089 atque

224 1118 375 1172 homiuum
389 1116 476 1171 fidem
489 1114 671 1186 implorabis:
693 1114 896 1171 circumveniri
911 1115 946 1172 Gr
962 1116 1095 1181 Verrem,

224 1218 302 1289 quod
316 1219 466 1271 accusator
488 1213 561 1270 notit
583 1213 702 1279 tamdiu,
722 1214 859 1287 quamdiu
874 1214 972 1279 liceat,
986 1214 1093 1269 dicere.

223 1310 245 1342 ¹⁹
254 1313 338 1383 Quod
353 1312 424 1368 mihi
440 1314 488 1368 tex
501 1329 566 1368 mea
580 1329 669 1368 causa
682 1313 742 1377 det,
755 1329 792 1367 eo
813 1311 886 1367 mihi
906 1330 964 1367 uon
979 1312 1022 1367 uti
1035 1328 1095 1367 nou

225 1408 349 1467 licebit?
379 1411 456 1467 Nam
483 1411 643 1467 accusandi
674 1407 748 1465 mihi
773 1413 888 1479 tempus
913 1426 979 1464 mea
1007 1425 1096 1464 causa

223 1509 320 1565 datum
334 1513 388 1574 eat,
402 1514 434 1565 ut
448 1526 561 1581 possem
570 1509 702 1564 oratione
711 1525 776 1563 mea
790 1507 913 1563 crimina
922 1524 1095 1580 causamque

223 1707 273 1763 sed
285 1708 322 1761 de
332 1724 397 1762 meo
400 1706 466 1778 jure
480 1706 586 1779 aliquid
601 1712 631 1761 et
645 1706 798 1762 commodo
807 1706 935 1761 detraho.
968 1706 1095 1761 Causam

224 1805 313 1870 euim,
327 1804 429 1877 inquit,
443 1805 581 1877 cognosci
603 1811 726 1876 oportet.
766 1804 812 1859 Ea
831 1820 862 1858 re
876 1803 1000 1875 quidem,
1018 1803 1094 1875 quod

224 1904 311 1959 aliter
324 1903 511 1959 condemnari
522 1920 595 1968 reue,
603 1903 736 1975 quamvis
744 1901 782 1955 ait
793 1918 911 1964 nocens,
923 1916 980 1955 non
990 1904 1093 1971 potest.

223 2001 261 2058 ld
275 2000 364 2072 igitur
377 2005 407 2055 tu
430 2001 550 2054 moleste
571 1998 673 2063 tulisti,
687 2014 705 2053 a
718 2014 765 2052 me
779 1998 887 2069 aliquid
900 1997 1008 2053 tactum
1021 2013 1095 2062 ease,

223 2115 280 2172 quo
292 2097 386 2153 minua
398 2097 453 2152 iste
464 2097 652 2152 condemnari
663 2092 780 2167 posset?
795 2096 821 2149 N
826 2112 872 2150 am
882 2111 970 2149 causa
977 2093 1096 2166 cognita

222 2196 307 2254 matti
323 2201 442 2267 possunt
456 2194 585 2250 absolvi:
606 2195 758 2267 incognita
778 2194 894 2268 quidem
907 2191 1095 2249 condemnari

224 2312 311 2354 nemo
345 2298 447 2367 potest.
507 2292 528 2323 ²⁰
542 2293 651 2351 Adimo
684 2292 765 2350 euim
799 2291 1092 2366 comperendinatum.

225 2395 310 2465 Quod
332 2395 420 2450 habet
442 2396 492 2449 lex
516 2393 548 2449 in
570 2411 601 2449 ee
623 2393 867 2457 molestissimum,
888 2392 931 2448 bia
953 2398 985 2447 ut
1007 2408 1095 2448 causa

221 2492 345 2557 dicotur,
354 2492 384 2546 id
398 2497 448 2545 aut
459 2508 525 2545 mea
538 2508 625 2545 cauea
638 2491 732 2561 potius
747 2497 792 2543 est
804 2491 1096 2561 constitutum,quam

223 2593 283 2654 tua,
308 2593 358 2643 aut
379 2587 472 2642 nihilo
495 2591 545 2641 tua
566 2587 670 2657 potius,
692 2603 777 2658 quam
799 2602 872 2641 mea.
915 2586 992 2642 Nam
1012 2586 1037 2642 si
1052 2586 1096 2643 bie

221 2687 322 2744 dicere
338 2692 382 2740 est
405 2684 596 2749 commodum,
617 2690 697 2739 certe
718 2685 862 2756 utriusque
875 2700 1027 2740 commuue
1041 2690 1094 2742 eet.

223 2784 259 2842 Si
270 2801 346 2849 oum,
359 2782 409 2856 qui
419 2781 559 2854 posterius
570 2781 656 2847 dixit,
664 2798 736 2852 opus
750 2789 794 2837 est
808 2782 956 2854 redargui:
977 2799 1093 2840 accusa·

223 2882 293 2939 toris
307 2898 403 2946 causa,
419 2879 507 2936 uthis
522 2884 663 2952 ageretur,
676 2880 863 2940 coustitutum
878 2883 931 2934 eet.
973 2881 1093 2947 Verum,

223 2985 255 3037 ut
267 2981 379 3052 opinor,
394 2979 520 3036 Glaucia
535 2979 642 3050 primus
657 2978 732 3044 tulit,
746 2982 778 3034 ut
791 2977 1094 3050 courriereudiuaretur

224 3095 304 3135 reus:
326 3084 413 3136 autea
427 3081 476 3135 vel
491 3078 621 3149 judicari
645 3077 738 3149 primo
762 3082 883 3149 poterat,
899 3077 946 3132 vet
971 3076 1092 3147 amptius

253 3231 275 3262 ¹⁹
289 3231 355 3280 Quod
364 3245 393 3275 m.
407 3231 421 3276 l.
434 3245 464 3275 m.
478 3245 496 3275 c.
507 3231 560 3293 det]
593 3230 699 3278 Asconius
718 3230 787 3276 habet
802 3230 870 3286 dedit,
881 3229 940 3291 quod
950 3244 1026 3276 verum
1045 3245 1092 3277 erse

225 3291 288 3348 puto.

253 3366 277 3397 ²⁰
292 3365 373 3432 adimo
388 3366 448 3411 eadm
460 3367 561 3425 compen]
592 3366 644 3412 Hoc
652 3367 708 3412 dicit
717 3382 731 3411 e
740 3381 833 3427 persona
842 3365 970 3420 adversarii,
981 3372 1059 3426 eatque
1068 3366 1092 3412 in

223 3423 365 3478 eoobJectro‚
380 3427 481 3468 utente:
498 3438 585 3470 eausam
600 3425 660 3469 euim
677 3427 774 3481 cogrwrci
789 3429 874 3480 oportet.
908 3425 933 3470 ln
950 3424 1091 3485 sequentibur

223 3487 259 3529 eet
269 3480 398 3540 respousi03
413 3481 435 3526 iu
454 3496 498 3542 qua
513 3482 611 3528 consutio
621 3490 671 3527 oda
681 3490 715 3528 ert
724 3498 738 3527 e
746 3498 790 3529 nou
804 3488 908 3528 accurate
921 3483 1040 3527 observata
1048 3483 1091 3526 sor-

223 3556 261 3586 ma
271 3538 391 3607 orationis:
402 3554 443 3585 uec
451 3546 485 3586 eat
493 3541 539 3585 ulla
548 3541 664 3610 commoda
674 3540 789 3596 sententia,
797 3539 820 3585 iu
827 3541 863 3610 yul
866 3546 918 3598 gata
928 3541 1015 3585 ratione
1024 3540 1091 3583 iuter-

221 3598 783 3718 ttt‘ttttatttttttttttthtd:
791 3599 921 3702 'mit
930 3599 1091 3700 §diffini

224 3717 315 3773 gendos,
326 3721 350 3761 ut
359 3717 408 3770 teci,
420 3719 443 3759 et
452 3728 493 3775 pro
502 3715 575 3759 attero
584 3715 641 3773 quod
657 3716 796 3761 scribendum
805 3716 836 3761 td.
868 3715 977 3760 Vitiosum
1053 3725 1091 3768 pe·

222 3775 281 3834 perit
289 3789 359 3835 prava
368 3772 516 3834 interpunctio
554 3772 619 3818 Hanc
633 3774 797 3831 correctionem,
813 3789 879 3844 quam
895 3773 941 3818 aiu:
962 3769 1022 3837 tibris
1042 3767 1090 3823 teci,

222 3833 353 3892 reoeoario,
363 3836 389 3879 ut
398 3831 483 3894 putavi.
494 3830 512 3878 ri
522 3831 662 3881 audaciorem
667 3833 768 3892 judicent
776 3832 853 3895 penti,
863 3843 925 3890 rogo,
935 3831 961 3875 ut
969 3832 1089 3888 rgnoscaut
