2700 4675
567 589 798 643 concrema
1053 591 1113 653 m

242 753 278 797 ac
291 737 435 812 dignitate
447 736 586 796 decedis:
600 736 808 804 etcommittis,
825 740 867 804 ut,
880 734 956 810 qnod
969 733 1019 792 ille
1032 734 1116 793 dicti-

246 840 299 902 tat,
319 835 417 901 alicui,
437 835 486 910 qni
498 840 529 892 te
539 835 664 909 ignorat,
676 852 781 892 verum
793 851 857 891 esee
869 829 1026 891 videatur?
1039 834 1117 892 Nam

245 936 303 992 hoc
317 935 442 991 Verrem
454 933 552 990 dicere
566 934 696 1008 ajebant,
709 937 738 990 te
752 949 810 990 non
824 930 893 999 lato,
907 935 939 988 ut
951 935 1065 990 eeteros
1079 948 1117 988 ex

246 1037 345 1089 vestra
358 1030 478 1098 familia,
492 1031 544 1088 sed
553 1047 641 1104 opera
654 1046 714 1097 ene,
728 1030 876 1087 consulem
888 1029 1007 1086 lactum.
1048 1030 1117 1086 Duo

246 1130 336 1204 igitur
348 1131 482 1186 consules
501 1134 532 1186 et
550 1127 693 1203 quaesitor
705 1132 788 1185 erunt
802 1145 840 1185 ex
861 1125 939 1184 illiue
952 1129 1114 1185 voluntate.

247 1228 319 1285 Non
332 1230 424 1284 solum
437 1225 613 1300 effugiemus,
624 1225 727 1300 iuquit,
737 1225 886 1282 bominem
905 1225 938 1282 in
951 1226 1116 1304 quaerendo

246 1324 368 1383 nimium
391 1324 570 1398 diligentem,
590 1322 713 1382 nimium
736 1323 914 1380 servientem
928 1323 1027 1396 populi
1040 1323 1116 1381 exie·

246 1422 398 1490 limatiori,
413 1420 465 1480 Μ’.
477 1422 668 1487 Glabrionem
681 1442 687 1477 :
702 1422 826 1479 accedet
839 1421 925 1478 nobie
932 1420 1021 1479 etiam
1034 1422 1115 1479 illud

245 1521 339 1580 ludex
359 1526 405 1578 eet
424 1519 467 1578 Μ.
485 1520 657 1588 Caesonine,
676 1521 792 1594 collega
815 1516 906 1576 nostri
930 1518 1117 1588 accusatorie,

244 1618 332 1678 bomo
358 1619 391 1676 in
417 1619 502 1677 rebus
527 1618 696 1696 ‚judicandis
724 1621 870 1691 spectatus
904 1621 934 1674 et
960 1618 1114 1692 cognitus:

245 1734 331 1792 quem
343 1701 463 1775 mininie
477 1717 617 1792 expediat
626 1733 692 1774 esse
702 1717 733 1773 in
747 1733 783 1773 eo
796 1715 930 1784 consilio,
940 1716 1016 1790 quod
1029 1732 1116 1774 cone·

247 1833 311 1874 mur
332 1816 429 1890 aliqua
442 1815 554 1873 ratione
573 1831 774 1887 corrumpere:
797 1820 948 1886 propterea
961 1816 1036 1888 quod
1051 1814 1116 1887 jam

228 1917 343 1980 ‘autera
360 1929 425 1970 cnm
433 1913 526 1986 J'udex
540 1912 572 1969 in
582 1912 711 1968 luniano
724 1910 848 1967 oonsilio
867 1910 976 1978 luisset,
989 1911 1117 1984 turpissi-

249 2026 330 2068 mum
343 2009 416 2066 illud
430 2009 543 2066 lucinus
554 2025 613 2064 non
627 2009 721 2064 nolum
734 2006 861 2080 graviter
874 2007 950 2073 tulit,
963 2009 1015 2064 sed
1029 2007 1119 2064 etiam

248 2105 281 2164 in
303 2107 430 2164 medium
455 2104 581 2179 protulit.
604 2105 682 2163 hunc
697 2103 829 2177 judicem
853 2122 892 2161 ex
917 2105 983 2163 Kal.
998 2106 1117 2162 lanuar.

246 2222 309 2262 non
336 2204 514 2262 babebimus.
558 2205 594 2277 ρ’.
618 2203 772 2270 Manlium,
799 2207 830 2260 et
857 2203 893 2275 Q.
918 2203 1116 2272 Cornificium,

248 2303 319 2361 duce
342 2302 542 2361 severissimos
561 2308 647 2379 atque
674 2301 873 2377 integerrimos
890 2302 1016 2375 Judicee,
1040 2302 1117 2378 quod

238 2401 355 2459 tribuni
368 2402 459 2476 plebis
473 2406 535 2459 tum
548 2407 640 2469 erunt,
655 2401 771 2473 judices
788 2418 847 2458 non
861 2402 1039 2458 babebimus.
1081 2401 1115 2458 Ρ.

248 2499 404 2572 Sulpiciae,
419 2498 616 2570 jndextristie
631 2503 661 2553 et
680 2498 802 2569 integer,
826 2498 1024 2569 magistratum
1036 2497 1117 2554 ineat

246 2613 369 2653 neoeeee
383 2600 428 2652 eet
441 2594 537 2651 Nonis
558 2594 714 2652 Decembr.
731 2592 774 2649 M.
790 2593 971 2666 Creperejns,
986 2612 1025 2651 ex
1038 2611 1117 2652 acer·

247 2693 321 2751 rima
334 2692 386 2749 illa
399 2691 525 2765 equestri
539 2689 649 2746 familia
662 2696 693 2746 et
705 2689 878 2762 disciplina3
895 2692 930 2749 L.
946 2691 1063 2751 Caesius
1077 2710 1116 2751 ex

246 2790 367 2856 familia,
381 2795 443 2848 tum
456 2789 492 2845 ad
506 2794 618 2845 ceteras
640 2805 694 2855 res,
708 2793 769 2845 tum
782 2788 1017 2861 adjudicandum
1034 2809 1117 2850 seve·

234 2888 379 2958 ,rissima3
407 2888 464 2945 (lu.
487 2884 675 2953 Tremellius,
697 2886 784 2943 homo
805 2902 915 2942 summa
933 2887 1073 2959 religione
1088 2893 1119 2946 et

183 3032 184 3035 ,
249 2988 420 3062 diligentia:
441 2991 501 3043 tres
521 2985 553 3042 hi
575 2984 707 3044 homines
730 2989 844 3041 veteres
858 2983 966 3041 tribuni
978 2984 1118 3061 militares

250 3067 316 3144 eunt
329 3085 484 3159 designati.
498 3102 536 3141 ex
552 3085 618 3142 Kal.
633 3085 651 3140 J
654 3102 753 3141 anuar.
764 3100 823 3140 non
828 3080 1010 3156 judicabunt.
1045 3084 1119 3141 Sub·

223 3232 226 3240 .
249 3185 399 3242 sortiemur
410 3184 499 3241 etiam
512 3183 543 3241 in
559 3184 601 3240 M.
618 3183 735 3241 Metelli
749 3186 854 3249 locum,
865 3180 1035 3257 quoniamia
1048 3183 1117 3242 buio

250 3282 308 3355 ipei
321 3281 481 3355 quaestioni
494 3282 670 3355 praefuturus
684 3288 737 3339 eet.
779 3283 826 3339 lta
839 3279 998 3337 secundum
1011 3281 1117 3341 Kalen·

250 3381 303 3441 dae
322 3380 439 3436 lanuar.
454 3384 485 3436 et
502 3385 643 3453 praetore,
664 3386 695 3437 et
713 3396 802 3455 prope
822 3382 884 3435 toto
897 3378 1021 3435 coneilio
1039 3395 1119 3462 com·

248 3483 370 3543 mutato,
384 3494 503 3550 magnae
516 3478 692 3535 accusatoris
703 3478 806 3545 minae,
815 3476 1117 3551 magnamquejudicii

249 3574 500 3649 exspectationem
526 3576 563 3632 ad
587 3575 715 3633 nostrum
738 3575 886 3634 arbitrium
909 3575 1116 3650 libidinemque

234 3677 408 3733 -elndemua
450 3676 554 3732 Nonae
576 3686 643 3733 eunt
664 3676 751 3734 hodie
777 3676 914 3734 Sextiles.
942 3678 1013 3733 bora
1039 3692 1117 3735 nona

232 3773 409 3835 convenire
430 3773 577 3848 coepistis.
619 3775 707 3835 Hunc
727 3774 805 3835 diem
823 3774 888 3851 ‚jam
908 3792 946 3833 ne
965 3780 1116 3838 numerant
