2700 4675
441 562 514 613 ΑΟΤ.
530 565 560 615 ll.
577 564 674 615 muna
688 564 865 615 sccundus.
1024 565 1090 631 315

222 704 402 781 pecuniaque
416 712 510 782 patric
530 714 659 785 privatus
674 718 727 770 est.
768 712 889 779 Verum,
909 710 935 768 si
948 711 986 766 de
1004 726 1090 782 pecu·

223 801 275 856 nia
288 805 407 863 testibus
427 812 545 880 planum
558 812 653 868 facere
673 817 877 883 non'possem:
899 810 971 866 illud
984 819 1091 881 negare

223 916 331 972 posses,
345 916 395 961 aut
409 924 486 964 nunc
500 909 629 982 negabis,
642 914 672 965 te
687 909 869 965 consilietuo
878 907 1006 974 dimisso,
1021 904 1092 962 viris

223 991 376 1071 primariis}
390 1004 438 1079 qui
459 1006 490 1063 in
504 1007 629 1064 consilio
643 1008 680 1066 C.
699 1008 865 1065 Sacerdotis
882 1006 1005 1074 inerant,
1025 1002 1092 1061 tihi·

224 1114 280 1169 que
300 1116 363 1156 esse
377 1105 517 1173 solebant,
532 1105 659 1174 remotis,
678 1109 760 1164 dere
774 1106 906 1179 judicata
921 1098 1093 1178 judicasse?

223 1197 308 1269 teque
322 1216 397 1267 eum,
408 1220 492 1275 quem
504 1204 539 1260 0.
552 1205 704 1272 Sacerdos,
715 1205 847 1262 adhibito
859 1204 993 1271 consilio,
1002 1218 1093 1259 causa

223 1295 350 1367 cognita,
364 1301 555 1372 absolvisset3
575 1305 708 1370 eundem,
729 1308 839 1358 remoto
852 1301 986 1367 consilio,
1005 1315 1116 1356 causa·

222 1390 381 1467 incognita,
405 1397 638 1458 condemnasse?
663 1418 730 1457 cum
753 1402 827 1456 haec
851 1399 999 1456 confessus
1026 1397 1093 1464 erim

222 1492 342 1563 quaein
358 1495 419 1551 lero
437 1500 533 1568 palam
548 1497 711 1570 Syracusis,
729 1498 761 1555 in
779 1516 838 1566 ere,
852 1502 938 1572 atque
953 1496 984 1554 in
998 1495 1092 1553 oculis
1102 1521 1113 1553 ·,

222 1590 394 1660 provinciae
402 1600 484 1668 gesta
497 1602 579 1666 sunt3
594 1602 790 1671 negatosane‚
801 1598 927 1664 sinales,
938 1595 1093 1669 pecuniam

224 1689 389 1761 accepisse:
411 1695 545 1767 reperies,
569 1698 666 1764 credo,
687 1697 821 1772 aliquem,
842 1697 901 1771 qui,
921 1713 988 1753 cnm
1008 1697 1093 1762 haec,

223 1802 297 1859 quae
310 1791 406 1859 palam
419 1799 500 1863 gesta
511 1799 586 1861 sunt,
600 1796 711 1860 videat,
720 1801 840 1867 quaerat
852 1795 921 1867 quid
935 1799 965 1849 tu
977 1796 1093 1850 occulte

224 1880 333 1955 egeria:
353 1892 403 1943 aut
421 1890 470 1961 qui
482 1890 605 1955 dubitet,
617 1895 713 1945 utrum
724 1890 808 1947 malit
821 1891 894 1947 meis
908 1891 1039 1958 testibus,
1054 1908 1093 1947 cn

225 1982 282 2038 tuis
295 1984 492 2041 defensoribus
503 1988 630 2041 credere.
1101 1984 1103 1987 ’

266 2079 341 2135 Dixi
349 2080 413 2152 jam
426 2088 522 2151 antea,
535 2084 659 2157 judices,
674 2102 721 2143 me
731 2103 790 2143 non
803 2086 902 2143 omnia
913 2085 1005 2153 istius,
1019 2102 1093 2160 quae

224 2175 256 2233 in
271 2178 326 2235 hoc
339 2196 446 2252 genere
466 2187 574 2250 essent,
587 2190 835 2242 enumeraturum:
860 2187 912 2243 sed
933 2188 1093 2243 electurum

225 2292 270 2345 ea,
291 2295 363 2353 quae
377 2282 504 2340 maxime
523 2286 712 2341 excellerent.
755 2284 893 2359 Accipite
914 2301 993 2343 nunc
1013 2283 1091 2341 aliud
1103 2295 1145 2356 34

224 2375 285 2448 ejus
300 2379 411 2436 lacinus
426 2381 534 2446 nobile,
547 2386 577 2436 et
590 2382 688 2437 multis
703 2382 775 2436 locis
788 2399 875 2453 saepe
888 2399 1093 2438 commemora·

225 2478 296 2542 tum,
320 2481 351 2532 et
363 2477 513 2549 ejusmodi,
536 2474 614 2534 utin
632 2494 692 2534 uno
713 2477 811 2534 omnia
832 2479 977 2535 maleficia
996 2479 1093 2534 inesse

225 2572 389 2628 videantur.
432 2574 587 2631 Attendite
602 2575 775 2648 diligenter:
787 2575 946 2632 invenietis
960 2576 1048 2642 enim,
1062 2576 1093 2632 id

224 2669 339 2727 lacinus
349 2673 449 2727 natum
468 2689 485 2727 a
498 2671 668 2745 cupiditate,
682 2678 799 2730 auctum
812 2692 864 2747 per
876 2680 1013 2746 stuprum,
1032 2692 1093 2732 cru·

224 2768 346 2827 delitatc
356 2769 516 2842 perfectum
529 2775 616 2843 atque
629 2773 808 2828 conclusum.
851 2773 989 2828 Sthenius
1003 2770 1093 2838 est,is

226 2867 275 2942 qni
289 2868 372 2924 nobis
386 2868 503 2935 assidet,
523 2868 742 2935 Thermitanus,
763 2873 850 2925 antea
868 2868 965 2922 multis
979 2873 1094 2940 propter

223 2977 365 3024 summam
393 2966 540 3034 virtutem,
561 2983 758 3041 summamque
785 2965 978 3033 nobilitatem,
1004 2967 1092 3035 uunc4

224 3070 343 3138 propter
354 3081 436 3123 suam
447 3064 653 3132 calamitatem,
666 3071 753 3138 atque
766 3064 849 3120 istius
862 3063 1006 3137 insignem
1020 3065 1093 3140 inju-

223 3161 306 3228 riam,
329 3163 461 3219 omnibus
488 3170 582 3221 notus.
625 3164 720 3236 Hujus
745 3161 870 3236 hospitio
896 3163 1004 3220 Verres
1026 3182 1093 3221 cum

223 3264 303 3318 esset
315 3276 391 3325 usus,
405 3264 435 3316 et
447 3276 515 3316 cum
526 3263 602 3333 apud
617 3280 693 3329 eum,
704 3279 764 3318 non
777 3263 864 3318 modo
875 3261 1014 3319 'l'hermis
1032 3280 1094 3319 sae·

222 3374 380 3433 penumcre
402 3356 512 3425 luisset,
532 3359 584 3414 sed
610 3358 700 3417 etiarn
722 3359 897 3429 habitasset;
922 3362 1009 3417 domo
1032 3360 1093 3432 ejus

222 3456 322 3513 omnia
334 3456 461 3523 abstulit,
480 3472 554 3529 quae
567 3458 666 3528 paullo
679 3456 771 3532 magis
790 3457 918 3529 animum
932 3456 1094 3531 cujuspiam
1132 3532 1136 3537 ¹

222 3558 274 3611 aut
286 3556 385 3610 oculos
399 3559 516 3626 possent
529 3570 725 3613 commovere.
766 3557 884 3615 Etenim
905 3555 1043 3612 Sthenius
1057 3556 1094 3612 ab

227 3651 427 3710 adolescentia
439 3654 537 3724 paullo
552 3652 706 3711 studiosius
723 3653 745 3686 ⁹⁰
755 3656 828 3713 haec
842 3654 1037 3727 comparabat,
1050 3671 1094 3712 su·

253 3813 276 3844 ⁰⁰
289 3812 341 3856 laec
354 3813 508 3872 comparabat]
530 3812 628 3860 Restitui
640 3815 759 3863 lectionem
772 3821 879 3869 veterem,
895 3827 937 3873 pre
953 3827 996 3875 qua
1011 3807 1039 3860 eir
1051 3829 1096 3861 unc

225 3869 310 3923 cauit
325 3870 407 3921 dociae
417 3876 674 3937 compumrutreoeptnm
684 3879 725 3933 est,
735 3871 1097 3938 quodetipsesstutmsrsem
