2700 4675
251 528 312 586 108
622 519 750 568 onn‘l'lo

249 669 317 726 sarii
330 670 466 737 debeant,
480 685 573 745 neque
596 672 628 725 ut
647 684 681 724 se
703 666 840 742 potentia
865 670 1006 744 superari
1025 673 1118 745 putent

251 769 335 841 Quae
348 769 426 825 :lomi
440 769 651 842 gerendarum,
664 782 701 822 ea
714 783 767 839 per
781 765 961 827 Caeciliam
975 770 1117 843 transigas

251 871 314 924 tur:
335 867 556 941 forijudiciique
570 865 712 923 rationem
727 863 882 934 Messalla,
898 871 935 924 ut
957 867 1073 936 videtis,
1083 867 1117 939 ju

250 966 341 1032 dices,
354 966 489 1037 suscepit.
503 965 551 1039 qui
565 966 590 1021 si
608 964 671 1038 jam
684 963 754 1020 satis
778 965 889 1022 aetatis
912 972 1008 1043 atque
1028 966 1118 1026 roboris

250 1064 379 1129 baberet
393 1063 454 1135 ipse
475 1080 526 1135 pro
555 1065 625 1120 Sex.
647 1063 756 1120 Roscio
776 1060 906 1121 diceret.
934 1067 1074 1142 quoniam
1090 1064 1118 1122 sl

245 1162 406 1219 dicendum
419 1160 626 1234 impedimento
639 1166 684 1217 est
697 1164 786 1229 aetas,
807 1165 840 1218 et
854 1164 967 1235 pudor,
988 1165 1040 1241 qni
1052 1166 1119 1223 orosi

251 1265 395 1330 aetatem:
416 1277 532 1318 causam
556 1260 627 1317 mihi
651 1257 778 1325 tradidit,
792 1277 882 1332 quem
905 1279 966 1320 sna
986 1277 1118 1321 caussas·

251 1379 320 1435 pere
334 1378 369 1418 ac
383 1362 488 1418 debere
502 1358 702 1433 intelligebat:
723 1357 786 1431 ipse
798 1358 996 1431 assiduitate,
1004 1359 1120 1427 oonsilio

252 1461 433 1527 auctoritate,
453 1458 605 1533 diligentia
626 1455 757 1530 perfecit,
770 1459 802 1512 ut
824 1456 900 1514 Sex.
930 1460 1040 1519 Roscii
1063 1459 1122 1525 rita,

251 1563 351 1628 erepta
364 1559 401 1613 de
416 1558 547 1613 manibus
559 1560 714 1621 sectorum,
727 1554 886 1612 sententiis
907 1556 1052 1630 judicum
1073 1572 1122 1631 par·

251 1653 420 1711 mitteretur.
462 1655 491 1709 N
493 1654 748 1726 imirum‚judices,
756 1670 808 1726 pro
820 1652 879 1710 hac
895 1657 1121 1730 nobilitatepm

252 1751 381 1810 maxima
393 1751 522 1808 civitatis
536 1751 567 1808 iu
582 1753 668 1810 armis
684 1751 754 1809 fuit:
774 1751 849 1808 haec
865 1758 942 1812 acta
955 1774 1004 1813 res
1025 1760 1077 1823 est,
1088 1752 1122 1812 nti

251 1851 365 1910 nobiles
380 1851 596 1908 restituerentur
618 1851 648 1907 in
663 1849 826 1917 civitatem,
840 1849 893 1925 qui
917 1853 980 1912 boo
994 1856 1123 1921 facerent,

252 1953 328 2028 quod
342 1951 438 2009 facere
463 1950 632 2007 Messallam
647 1948 769 2007 ridetis:
791 1947 841 2020 qui
855 1956 953 2023 caput
967 1951 1124 2012 innocentis

252 2052 457 2107 defenderent:
479 2050 527 2123 qui
548 2049 670 2119 injuriae
694 2045 878 2103 resisterent:
902 2050 968 2123 qui,
995 2056 1124 2128 quantum

252 2151 380 2220 possent,
394 2147 425 2202 iu
450 2150 542 2202 salute
566 2147 693 2213 alterius,
713 2161 798 2219 quam
818 2144 852 2201 iu
877 2147 990 2217 exitio,
1015 2152 1124 2208 mallent

253 2244 413 2300 ostendere.
456 2243 540 2313 Quod
554 2243 579 2297 si
591 2259 703 2311 omnes,
713 2243 761 2317 qui
774 2242 879 2300 eodem
892 2245 968 2304 loco
981 2249 1048 2306 nati
1061 2249 1124 2312 sunt.

252 2343 382 2402 facerent
396 2364 403 2399 :
424 2348 453 2399 et
467 2341 629 2415 respublica
642 2361 681 2400 ex
694 2342 762 2409 illis,
775 2346 806 2399 et
818 2341 877 2415 ipsi
889 2361 937 2403 ex
950 2346 1071 2405 invidia
1081 2344 1123 2405 mi·

254 2462 309 2503 uus
322 2447 494 2503 laborarent.

196 2565 245 2622 452
294 2545 406 2602 Verum
429 2546 454 2601 si
468 2563 486 2601 a
500 2543 700 2618 Chrysogono,
714 2542 839 2617 judices,
853 2559 916 2600 non
932 2545 1124 2622 impenansm,

255 2647 286 2699 ut
300 2644 424 2714 pecunia
444 2647 540 2699 nostra
561 2648 714 2700 contentus
738 2642 786 2710 sit,
806 2641 900 2699 vitam
924 2662 967 2702 ne
988 2642 1124 2720 potatui

255 2740 306 2797 ille
320 2741 424 2797 adduci
437 2759 497 2798 nou
510 2747 614 2814 potest,
627 2747 668 2810 ut,
683 2759 750 2799 cum
764 2742 906 2799 ademerit
922 2745 1014 2803 nobis
1028 2745 1125 2811 omnis,

254 2857 329 2915 quae
342 2845 439 2898 nostra
463 2845 545 2898 erant
568 2840 690 2914 propria,
718 2859 755 2896 ne
779 2843 875 2897 lucem
898 2860 1023 2920 quoque
1048 2847 1124 2909 hane,

255 2957 328 3014 quae
342 2940 502 2998 communis
516 2945 570 3006 est,
583 2940 694 3012 eripere
708 2939 822 3011 cupiat:
842 2937 868 2994 si
879 2957 941 2997 non
954 2943 1032 3000 satis
1042 2942 1125 3001 habat

256 3037 409 3092 avaritiam
430 3052 510 3092 suam
523 3038 647 3107 pecunia
668 3041 796 3111 explere,
816 3035 874 3092 nisi
893 3038 991 3098 etiam
1006 3042 1123 3102 cnrdei·

254 3136 316 3188 tate
330 3132 477 3204 sanguinis
496 3133 613 3204 perlitus
627 3137 680 3192 sit:
702 3153 790 3192 unum
809 3134 985 3208 perfugium,
1001 3139 1123 3212 judices.

254 3244 314 3301 una
327 3247 392 3301 spes
406 3230 515 3304 reliqua
528 3237 571 3288 est
586 3233 655 3290 Sex.
671 3235 788 3302 Roscio,
802 3235 914 3300 eadem,
930 3254 1010 3310 quae
1020 3238 1123 3312 reipub

255 3325 341 3393 licea,
355 3333 452 3385 vestra
465 3330 584 3403 pristina
604 3332 717 3390 bonitas
731 3339 761 3390 et
775 3332 995 3393 misericordia:
1018 3332 1124 3414 quaesi

255 3429 364 3494 manet,
377 3427 453 3484 salvi
466 3430 554 3487 etiam
581 3449 658 3488 nunc
673 3450 736 3489 esse
760 3448 918 3505 possumus.
944 3435 993 3491 sin
1020 3449 1124 3493 eacnr

256 3527 371 3594 delitus,
393 3543 466 3599 quae
490 3529 545 3586 boc
565 3535 693 3603 tempore
715 3531 747 3591 iu
766 3529 915 3603 republica
929 3540 1056 3592 versata
1077 3535 1124 3598 esf,

257 3629 370 3684 vestros
397 3643 508 3700 quoque
529 3628 640 3686 animos
660 3626 703 3706 (id
723 3631 798 3705 quod
822 3629 885 3685 fieri
912 3633 1052 3703 profecto
1072 3647 1125 3691 non

133 3686 179 3912 ὃ
254 3722 365 3803 potest)
385 3725 511 3786 duriores
534 3727 750 3804 acerbioresque
777 3726 918 3799 reddidit;
943 3739 1055 3795 actum
1077 3732 1125 3797 esis
