2700 4675
342 647 345 654 .
428 597 494 648 rao
509 595 577 647 sax.
593 590 884 660 ansero-anenno.
1054 586 1092 648 al

227 752 261 805 nt
273 748 329 803 iste
351 750 417 803 tuns
442 747 544 813 cliens,
568 743 687 801 sceleris
707 740 749 797 tni
771 738 898 804 nuntius,
923 735 964 793 Τ.
989 732 1097 791 Roscio

230 846 370 917 Capitoni
384 844 565 917 potissimum
578 836 748 898 nuntiaret?
768 837 890 894 Occisus
911 839 957 891 est
969 850 988 889 a
1005 843 1099 890 coena

228 946 356 1002 rediens.
385 944 513 999 nondum
534 943 659 1007 lucebat,
673 956 740 998 cum
765 935 902 994 Ameriae
915 933 1021 990 scitum
1044 935 1098 986 cat.

232 1042 312 1115 Quid
325 1041 375 1097 hic
387 1039 676 1097 incredilsilis'cnraus
688 1058 695 1092 ε
710 1036 777 1112 quid
786 1036 859 1092 haec
869 1039 950 1090 tanta
962 1028 1099 1088 celeritas

231 1139 434 1213 festinatioque
443 1135 607 1212 significat?
647 1138 677 1193 N
678 1154 716 1192 on
729 1151 835 1210 quaero
843 1133 905 1208 quis
916 1127 1097 1205 percusserit.

230 1237 305 1295 nihil
320 1242 371 1306 est,
395 1237 526 1305 Glaucia,
540 1238 616 1313 qnod
639 1241 760 1293 metuas.
785 1252 845 1291 non
866 1231 985 1289 excutio
1008 1234 1048 1295 te,
1071 1225 1099 1283 si

229 1336 298 1411 quid
321 1337 394 1394 torte
415 1337 481 1393 lerri
507 1334 643 1402 habuisti,
665 1352 725 1392 non
742 1337 869 1389 scmtor:
890 1330 963 1387 nihil
991 1330 1028 1385 ad
1051 1344 1099 1384 me

227 1434 348 1492 arbitror
368 1436 522 1508 pertinere.
537 1434 683 1509 quoniam,
697 1435 778 1507 cujus
788 1430 913 1489 consilio
926 1429 1039 1487 occisas
1053 1430 1100 1499 sit,

224 1534 365 1604 invenio'3
387 1535 468 1608 cujus
482 1551 568 1591 manu
577 1532 615 1590 sit
624 1550 784 1607 percussus,
796 1550 854 1589 non
868 1532 975 1588 laboro.
999 1530 1099 1586 Unum

225 1633 283 1691 lroc
312 1651 402 1701 sumo,
426 1634 501 1708 quod
524 1632 596 1690 milri
620 1638 750 1707 apertum
772 1637 852 1689 tunm
881 1632 975 1689 scelus
996 1648 1098 1704 resque

228 1733 384 1790 manifesta
397 1734 455 1791 dat.
497 1733 567 1801 Ubi,
583 1738 632 1790 ant
645 1734 722 1790 unde
736 1732 850 1790 audivit
864 1725 1010 1788 Glaucia?
1039 1729 1099 1801 Qui

228 1835 290 1887 tam
304 1831 364 1888 cito
378 1831 466 1889 scivit
480 1830 492 1889 ?
513 1834 576 1889 Fac
591 1832 705 1888 audisse
726 1832 834 1887 statim.
876 1830 958 1902 Quae
972 1845 1018 1884 res
1032 1846 1099 1884 eum

230 1934 319 1985 nocte
333 1945 391 1984 nna
412 1934 524 1986 tantum
544 1929 657 1985 itineris
679 1929 855 1985 contendere
879 1924 998 1999 coegit?
1026 1942 1099 2000 quae

231 2025 393 2083 necessitas
407 2044 473 2082 eum
494 2030 576 2083 tanta
599 2029 757 2099 premebat,
770 2030 811 2094 ut,
825 2026 851 2081 si
864 2042 916 2081 sua
929 2030 1032 2098 sponte
1045 2025 1101 2081 iter

229 2123 385 2184 Ameriam
406 2124 523 2193 faceret,
547 2124 577 2182 id
592 2125 727 2199 temporis
750 2126 843 2182 Roma
861 2123 1100 2197 proficisceretur,

227 2226 339 2284 nullam
353 2229 462 2298 partem
480 2225 574 2283 noctis
588 2223 802 2300 requiesceret?
822 2225 960 2283 Etiamne
984 2224 1017 2282 in
1038 2228 1099 2281 tarn
1110 2210 1150 2272 35

226 2323 386 2401 perspicuis
413 2326 496 2382 rebus
523 2327 734 2401 argumentatio
760 2326 933 2402 quaerenda,
960 2328 1010 2381 aut
1031 2342 1100 2382 con·

215 2422 338 2498 jectnra
350 2424 493 2497 capienda
503 2423 564 2482 sit?
585 2426 693 2481 Nonne
703 2425 787 2481 vobis
795 2426 879 2490 haec,
889 2440 962 2496 qnae
970 2422 1100 2489 audistis,

228 2538 351 2578 cernere
364 2521 456 2578 oculls
470 2521 623 2588 videmini,
631 2518 770 2593 judices?
790 2538 849 2578 non
863 2522 946 2577 illum
956 2520 1102 2589 miserum,

227 2618 362 2692 ignarum
375 2635 459 2675 casus
480 2618 534 2686 sui,
546 2620 758 2681 ,redeuntema
778 2634 871 2676 coena
890 2616 1021 2677 videtis?
1041 2636 1100 2677 non

227 2715 338 2790 positas
365 2714 507 2774 insidias?
536 2734 595 2774 non
622 2717 762 2792 impetum
788 2716 995 2792 repentinum?
1029 2720 1100 2777 Non

230 2820 363 2873 versatur
387 2821 454 2874 ante
475 2818 575 2874 oculos
599 2816 682 2875 vobis
705 2817 737 2874 in
760 2819 851 2874 caede
876 2816 1021 2876 Glaucia?
1040 2836 1100 2876 non

228 2916 313 2972 adest
337 2915 392 2972 iste
417 2915 457 2972 Τ.
483 2913 630 2975 Roscius?
648 2934 708 2974 non
732 2915 791 2973 suis
812 2916 944 2972 manibus
967 2917 999 2974 in
1017 2934 1101 2976 curru

229 3016 356 3072 collocat
372 3016 618 3072 Automedontem
632 3015 724 3083 illum,
735 3015 779 3072 sui
792 3015 912 3073 sceleris
920 3016 1100 3074 acerbissimi

228 3113 413 3188 nefariaeque
435 3115 578 3172 victoriae
602 3112 767 3172 nuntium?
798 3132 857 3172 non
878 3120 949 3183 orat,
975 3121 1008 3173 nt
1034 3133 1100 3174 eam

230 3218 348 3268 noctem
368 3210 546 3286 pervigilet?
566 3219 598 3270 ut
611 3214 727 3272 honoris
741 3215 785 3272 sui
807 3232 896 3272 causa
917 3215 1047 3275 laboret?
1066 3222 1100 3274 ut

233 3308 372 3380 Capitoni
385 3328 469 3385 quam
491 3311 614 3384 primum
636 3311 781 3370 nunciet?
799 3312 821 3345 ω
836 3314 914 3386 Quid
937 3321 1007 3384 erat,
1021 3316 1097 3390 quod

235 3405 410 3479 Capitonem
423 3409 545 3481 primum
558 3410 633 3466 scire
647 3408 794 3468 voluerit?
813 3413 941 3471 Nesciat
963 3415 1020 3471 nisi
1042 3416 1099 3470 hoo

230 3503 329 3570 video,
345 3504 517 3578 Capitonem
531 3507 562 3564 in
576 3507 622 3563 his
647 3509 731 3565 bonis
744 3526 807 3566 esse
821 3511 940 3570 socium.
955 3514 992 3569 de
1007 3493 1099 3567 tribus

232 3608 265 3661 et
279 3603 383 3658 decem
396 3602 492 3661 lundis
505 3610 563 3661 tres
576 3605 769 3670 nobilissimos
793 3608 896 3667 landos
920 3627 986 3666 eum
1010 3609 1098 3664 video

228 3701 388 3779 possidere.
431 3701 530 3760 Audio
549 3708 707 3776 praeterea,
727 3724 786 3766 non
809 3709 885 3766 hanc
904 3704 1098 3779 suspicionem

258 3855 482 3942 ”quaeamus
495 3881 505 3893 -
518 3883 528 3895 -
542 3855 654 3920 armat]
670 3859 783 3910 mana
792 3861 852 3908 eure
861 3859 1038 3921 paunteau.
