2700 4675
448 551 519 602 ACT.
537 552 566 601 11.
596 548 882 602 messanensibus.
1035 555 1095 614 361

235 706 358 767 nemque
371 695 402 754 iu
416 699 578 756 vendendis
592 699 673 757 istius
688 698 811 756 decretis
822 702 852 754 et
859 694 988 770 judiciis,
999 696 1100 755 transi·

235 792 392 869 gendisque
404 798 535 871 negotiis,
550 803 582 855 ut
594 815 682 872 prope
696 799 767 853 alter
783 795 987 853 Timarchides
1000 812 1099 853 nume·

234 897 350 948 caretur.
393 894 459 952 Hoc
473 900 534 952 erat
548 895 636 953 etiam
650 881 810 967 capitalior,
823 893 898 967 quod
918 893 995 949 idem
1013 910 1099 966 pseu·

236 985 315 1045 niam
342 988 387 1058 iis,
411 992 460 1066 qui
482 994 519 1049 ab
546 993 602 1050 isto
624 992 734 1067 aliquid
758 993 969 1061 mercabantur,
988 990 1099 1049 loencri

235 1084 332 1143 dabat.
372 1089 418 1145 Ea
437 1095 534 1148 autem
546 1091 706 1149 foeneratio
719 1095 782 1148 erat
795 1088 965 1164 huiuamodi,
972 1089 1105 1163 judices,¹

234 1188 267 1240 ut
279 1184 368 1243 etiam
378 1186 426 1243 hic
437 1194 569 1261 quaestus
579 1190 646 1247 huic
659 1191 785 1248 cederet
795 1206 872 1257 nam,
880 1205 949 1263 quas
960 1189 1098 1261 pecunias

232 1280 269 1338 iis
281 1282 391 1341 ferebat
402 1302 554 1358 expensas,
567 1287 736 1362 quibuscum
749 1288 953 1353 contrahebat;
968 1291 1017 1342 aut
1029 1286 1098 1343 scri·

232 1379 288 1436 bae
301 1380 392 1451 istius,
403 1390 453 1440 aut
465 1384 657 1451 Timarchidi,
666 1371 716 1441 aut
729 1383 819 1440 etiam
831 1382 888 1456 ipsi
900 1382 949 1438 isti
957 1383 1098 1441 referebat
1145 1457 1148 1462 Ι

232 1486 377 1551 acceptas.
420 1482 502 1538 Idem
524 1486 673 1554 praeterea
694 1480 832 1553 pecunias
845 1479 927 1536 istius
941 1480 1097 1538 extraordi-

230 1575 327 1632 narias
340 1579 462 1649 grandes
476 1596 528 1634 suo
541 1578 659 1635 nomine
676 1580 885 1636 foenerabatur.
925 1581 984 1638 Hic
1003 1580 1097 1654 primo

232 1673 416 1747 Carpinatius
429 1681 583 1750 antequam
601 1676 632 1733 in
651 1676 733 1734 istius
747 1681 856 1734 tantam
870 1677 1096 1741 familiaritatem

228 1773 417 1845 pervenisset,
430 1775 581 1850 aliquoties
597 1775 742 1833 adsocies
764 1775 874 1846 litteras
893 1778 930 1834 de
956 1778 1038 1837 istius
1051 1781 1095 1839 in·

223 1868 308 1943 juriis
322 1873 448 1930 miserat.
488 1873 645 1944 Canulejus
657 1891 736 1939 vero,
750 1874 799 1945 qui
819 1874 851 1929 in
872 1880 955 1943 portu
970 1877 1094 1946 Syracu·

207 2039 214 2050 l
229 1967 269 2025 sis
282 1986 383 2041 operas
396 1972 492 2037 dabat,
511 1968 612 2027 8⁰turta
625 1985 735 2044 quoque
749 1967 831 2024 istius
850 1972 990 2041 permulta
1003 1973 1095 2031 numi

228 2067 320 2125 natim
339 2071 375 2126 ad
396 2068 489 2126 socios
510 2067 721 2143 perscripserat,
734 2082 856 2140 eaquae
879 2066 942 2123 sine
966 2068 1092 2140 portorio

228 2164 380 2237 Syracusis
394 2172 476 2238 erant
489 2171 656 2239 exportata:
677 2169 789 2239 portum
807 2168 904 2221 autem
923 2171 954 2223 et
972 2166 1091 2241 scriptu·

226 2278 288 2320 ram
300 2268 402 2322 eadem
415 2266 539 2323 societas
553 2265 685 2323 habebat.
707 2265 754 2322 lta
764 2264 871 2322 lactum
884 2271 938 2333 est,
949 2270 981 2323 ut
993 2270 1092 2326 essent

227 2368 376 2437 permulta,
398 2383 470 2439 quae
504 2384 542 2422 ex
570 2364 719 2422 societatis
743 2365 846 2421 litteris
873 2365 972 2421 dicere
995 2367 1028 2423 in
1054 2367 1091 2423 is·

226 2466 287 2521 tum
303 2480 338 2519 ac
356 2464 480 2534 prolerre
503 2478 658 2532 possemus.
699 2460 810 2515 Verum
832 2460 949 2526 accidit,
967 2465 1000 2517 ut
1021 2463 1090 2520 Oar-

225 2559 360 2633 pinatius,
374 2557 422 2629 qui
430 2558 492 2630 jam
506 2575 573 2614 cum
586 2557 642 2612 isto
655 2571 766 2612 summa
778 2557 996 2625 consuetudine,
1010 2576 1089 2630 prae-

223 2663 304 2714 terea
317 2671 356 2720 re,
370 2669 405 2710 ac
429 2654 540 2711 ratione
563 2655 733 2726 conjunctus
754 2659 839 2720 esset,
852 2656 967 2712 crebras
989 2663 1090 2728 postea

223 2754 335 2812 litteras
349 2751 493 2808 adsocies
507 2753 543 2807 de
556 2752 638 2808 istius
651 2750 768 2808 summis
779 2751 882 2809 officiis
896 2753 927 2809 in
938 2771 998 2811 rem
1010 2772 1088 2812 com·

224 2868 341 2911 munem
355 2849 558 2925 beneficiisque
572 2850 707 2907 mitteret.
749 2849 868 2906 Etenim
880 2867 947 2908 cum
960 2851 1016 2908 iste
1029 2870 1088 2911 om·

224 2951 283 3018 nia,
294 2965 488 3025 quaecumque
503 2947 685 3020 Carpinatius
696 2949 858 3021 postulabat
877 2947 972 3005 lacere
986 2967 1021 3007 ac
1039 2952 1088 3008 de·

223 3065 344 3107 eernere
367 3049 502 3116 solebat3
534 3053 595 3105 tum
614 3046 663 3103 ille
684 3047 773 3104 etiam
792 3049 873 3120 plura
885 3048 1029 3106 scribebat
1049 3051 1088 3110 ad

224 3147 336 3216 soci0s3
357 3147 433 3214 ut,si
453 3150 558 3220 posset,
572 3162 644 3220 quae
664 3150 751 3202 antea
767 3145 930 3218 scripserat,
944 3165 979 3206 ea
999 3152 1086 3223 plane
1124 3147 1127 3152 ’

222 3243 427 3319 exstingueret.
470 3245 519 3302 Ad
535 3250 696 3302 extremum
714 3262 794 3312 veru,
807 3261 874 3301 eum
887 3245 942 3304 iste
956 3246 1020 3320 jam
1038 3251 1086 3308 de·

252 3398 351 3455 ⁸⁹furta
364 3397 429 3445 abac
441 3399 596 3456 susceperas
609 3411 640 3455 aa,
651 3413 706 3458 mma
720 3424 729 3434 ·
742 3424 753 3434 ·
767 3403 830 3446 mal
839 3400 966 3460 exportata]
997 3398 1086 3469 Nempe

216 3457 287 3514 suala
296 3458 364 3503 etiam
373 3456 476 3508 dicunbrr
487 3473 521 3513 ea,
532 3472 588 3563 ppae
596 3471 634 3518 per
643 3457 725 3504 lurtum
735 3460 795 3505 fiunt
826 3459 871 3505 Sed
885 3458 945 3505 locus
959 3462 993 3503 est
1007 3473 1038 3503 src
1052 3473 1086 3504 rn-

222 3516 393 3575 terpungendus,
404 3522 428 3563 ut
438 3533 452 3563 a
461 3517 523 3565 nobis
554 3521 613 3564 ctum
623 3520 663 3570 est,
672 3521 698 3563 ut
707 3521 731 3562 et
737 3517 789 3563 edd.
805 3531 837 3578 pr.
850 3517 939 3572 babent,
948 3529 1026 3576 nempe
1034 3519 1085 3575 post

219 3575 381 3631 perscripserat,
392 3588 436 3622 nou
451 3590 482 3622 m.
513 3577 571 3623 Mox
588 3575 721 3631 erupturam
736 3575 843 3632 dedimus,
856 3590 899 3637 pro
915 3574 1039 3630 scripturas,
1058 3577 1085 3619 ut

221 3631 336 3737 gruarius,
346 3631 398 3693 quia
408 3633 437 3681 sic
446 3639 480 3683 est
489 3635 512 3682 in
520 3635 582 3683 bonis
591 3634 649 3682 Mss.
656 3639 680 3680 et
686 3634 785 3695 nuspiam
794 3635 823 3682 de
831 3632 984 3694 haerectigali
993 3631 1085 3694 pluatis

247 3705 331 3811 elrrorn
353 3769 394 3810 rr.
542 3732 546 3738 ’
631 3754 668 3810 33
