2700 4675
261 526 322 585 140
556 519 590 567 ul
605 518 634 571 0„
650 516 833 569 cilicum

226 679 246 737 9
257 662 347 725 dere?
367 663 521 741 Cognosce
534 685 573 725 ex
581 666 785 743 aequoniam
798 667 855 724 hoc
875 663 1007 740 nmmum
1020 667 1132 738 tempu

256 764 390 824 diwsndi
413 772 516 824 nacon
537 785 579 836 es,
601 784 687 843 quam
706 767 796 824 multa
814 782 878 822 esse
891 768 1030 838 oporteat
1042 763 1076 821 in
1089 780 1131 832 ao,

256 865 305 938 qui
318 866 440 922 alterum
453 870 572 923 accuoet
585 886 593 921 ε
614 884 652 924 ex
665 865 767 941 quibus
780 863 806 920 si
818 880 909 921 unum
921 861 1045 937 aliquod
1058 862 1090 922 in
1102 866 1130 919 te

255 961 443 1037 cognoverim
463 980 519 1036 ego
530 963 594 1037 Jam
617 963 672 1020 tibi
693 964 757 1037 ipsc
778 962 883 1031 isthuc,
904 961 983 1037 quod
1006 959 1129 1035 expetis,

255 1078 320 1118 mcc
333 1060 485 1116 voluntate
499 1062 668 1119 concedam.
691 1061 821 1119 Primum
829 1059 1034 1137 integritatem
1046 1064 1127 1133 atque

254 1156 452 1216 innocontiam
465 1158 649 1232 singularam.
691 1158 776 1216 Nihil
784 1164 830 1215 est
839 1157 928 1225 onim,
942 1159 1023 1234 quod
1036 1157 1126 1215 minus

253 1257 403 1315 ferendum
415 1256 463 1325 sit,
470 1272 556 1333 quam
569 1258 712 1339 rationem
724 1257 761 1314 ab
775 1259 867 1315 altero
879 1256 962 1313 ritae
975 1268 1125 1331 reposcam

253 1378 329 1427 cum,
350 1358 400 1436 qui
422 1381 481 1420 non
506 1345 597 1435 noscit
620 1375 690 1416 suae
710 1356 839 1413 reddere.
880 1354 942 1412 llic
966 1372 1025 1443 ago
1048 1358 1122 1413 deta

252 1463 336 1533 plura
358 1479 418 1520 non
430 1460 546 1518 dicam:
567 1475 656 1515 unum
679 1456 751 1514 illud
772 1454 861 1512 credo
881 1471 985 1511 omnes
1000 1454 1123 1514 animad-

252 1565 377 1627 vertere,
397 1565 428 1617 te
441 1560 535 1617 adhuc
559 1558 595 1614 ab
619 1556 717 1625 nullis,
737 1555 796 1613 nisi
818 1571 836 1613 a
858 1554 978 1624 Siculis,
996 1556 1121 1629 potuisse¹

252 1656 409 1731 cognosci:
432 1656 547 1713 Siculos
561 1655 618 1712 hoc
631 1654 741 1722 dicere,
763 1670 831 1711 cum
853 1653 951 1711 eidem
975 1653 1039 1713 sint
1051 1652 1135 1722 irati

252 1755 301 1815 cui
315 1761 345 1814 tu
359 1761 389 1813 te
403 1755 554 1813 inimicum
568 1772 631 1811 esse
645 1750 730 1821 dicis,
751 1771 816 1810 sese
837 1756 947 1821 tamen,
967 1756 1000 1810 ts
1020 1758 1122 1819 actosa.

252 1855 289 1913 ad
304 1854 451 1930 judicium
474 1872 534 1912 non
558 1853 703 1910 affuturos.
754 1852 851 1924 Quare
877 1855 1060 1925 negantes
1080 1868 1124 1909 me

252 1972 312 2012 non
325 1955 434 2013 audies.
446 1955 499 2012 hos
517 1957 616 2027 patere
629 1952 661 2009 id
679 1949 829 2023 suspicari,
842 1950 919 2025 quod
932 1966 1057 2009 necessa
1070 1956 1122 2011 aa

252 2052 301 2108 Illi
314 2054 439 2127 quidem,
463 2056 495 2109 ut
515 2058 560 2110 est
574 2050 723 2109 hominum
743 2065 834 2124 genus
857 2048 945 2106 nimis
961 2055 1081 2109 acutum
1093 2052 1121 2107 et

251 2149 450 2220 suspiciosum,
473 2166 531 2205 non
545 2153 574 2205 te
588 2167 627 2205 ex
643 2147 746 2205 Sicilia
766 2147 877 2205 litteras
890 2146 923 2204 iu
937 2147 1065 2207 Verrem
1076 2150 1122 2206 ds·

251 2248 363 2317 portare
391 2248 469 2302 velle
497 2246 680 2314 arbitrantur,
711 2248 772 2315 sed,
796 2263 863 2304 cum
886 2246 995 2306 iisdem
1021 2246 1125 2308 liona-

251 2343 329 2403 illius
342 2350 475 2422 praetura
489 2352 520 2403 et
532 2350 582 2402 tna
602 2351 755 2420 quaestura
776 2346 947 2421 consignata
967 2346 1019 2418 sit,
1032 2364 1121 2423 aspor-

252 2449 313 2502 tare
327 2430 356 2503 te
371 2448 449 2503 velle
463 2464 500 2502 ex
518 2445 622 2502 Sicilia
645 2446 758 2503 litteras
772 2445 964 2518 suspicantur.
1009 2447 1121 2507 nanu

252 2550 449 2602 accusatorem
477 2545 588 2601 firmum
610 2561 766 2618 verumque
788 2561 852 2600 esse
872 2536 998 2617 oportet.
1032 2547 1120 2605 'lium

252 2657 308 2713 ego
321 2640 347 2696 si
361 2646 389 2696 te
405 2646 501 2713 putem
514 2659 620 2715 cupere
638 2660 712 2709 esse,
726 2641 813 2699 facile
826 2641 970 2716 intelligo,
985 2663 1052 2702 esse
1064 2659 1119 2702 nou

252 2754 345 2810 posse.
387 2739 453 2795 Nec
468 2739 592 2808 ecdico,
607 2758 689 2816 quae,
708 2740 733 2796 si
747 2740 852 2809 dicam,
866 2745 966 2799 tamen
978 2742 1119 2802 infirmato

253 2855 312 2896 non
326 2838 435 2912 possis:
467 2842 506 2907 te,
530 2825 683 2914 antequam
706 2840 744 2895 de
770 2839 874 2896 Sicilia
896 2839 1071 2911 decesseris,
1090 2841 1118 2899 in

253 2937 374 3009 gratiam
393 2939 501 2995 redisse
515 2955 582 2995 cum
595 2938 707 2994 Verre:
727 2938 927 3006 Potamonem,
943 2939 1081 3008 scribam,
1093 2942 1120 2996 et

253 3033 424 3090 familiarem
438 3039 526 3100 tuum,
540 3041 683 3092 retentum
697 3054 760 3093 esse
775 3054 793 3091 a
803 3036 897 3092 Verre
912 3035 944 3093 iu
961 3037 1121 3110 provincia,

254 3146 319 3185 cum
334 3134 364 3184 tu
378 3120 549 3187 decederesz
571 3133 614 3189 M.
630 3133 803 3200 Caecilium,
826 3134 945 3190 fratrem
962 3140 1056 3206 tuum,
1067 3139 1121 3195 lec·

254 3225 394 3283 tissimum
405 3232 490 3303 atque
500 3231 712 3289 ornatissimum
722 3233 950 3301 adolescentem,
960 3251 1025 3294 non
1039 3233 1120 3294 modo

254 3343 314 3383 non
331 3325 440 3395 adesse,
455 3345 548 3403 neque
561 3334 657 3387 tecum
671 3335 737 3387 tuas
759 3329 878 3404 injurias
893 3334 1047 3408 persequi:
1074 3330 1121 3391 scd

254 3444 318 3484 esse
331 3442 397 3482 cum
411 3425 523 3482 Verre:
552 3445 618 3486 curn
632 3429 683 3487 illo
706 3429 931 3488 familiarissime
952 3437 1043 3511 atque
1056 3431 1122 3494 uni·

254 3525 369 3583 cissime
383 3523 494 3581 vivere.
537 3527 611 3585 Sunt
630 3529 704 3586 hacc
718 3533 748 3586 et
761 3529 820 3586 alia
833 3529 864 3587 iu
879 3533 909 3586 te
922 3529 993 3593 l'alsi
1010 3532 1121 3597 aaa&

253 3625 322 3683 toris
346 3624 429 3700 signa
452 3625 609 3696 permuta:
637 3626 739 3701 quibus
766 3646 822 3702 ego
848 3646 929 3686 nunc
953 3648 1017 3689 non
1044 3608 1120 3691 uda

159 3798 162 3813 Ι
253 3714 309 3780 hoc
323 3724 399 3792 dico,
413 3727 452 3793 te,
465 3723 491 3780 si
509 3725 635 3781 maxime
658 3726 768 3798 cupias,
792 3732 893 3786 tamen
911 3746 1019 3789 renim
1042 3745 1121 3789 sccu-

151 3820 159 3843 ·'
252 3825 376 3881 satorem
389 3841 453 3884 esse
466 3840 526 3883 non
539 3840 631 3898 posse.
672 3823 771 3882 Video
792 3825 873 3885 enim
893 3831 1043 3900 permulta
1063 3842 1122 3888 aas·
