2700 4675
416 572 488 621 scr.
506 575 535 622 u.
551 573 649 625 ussa
663 572 839 623 smmum.
997 573 1059 635 asa

194 716 338 776 locarent:
363 720 486 794 dumque
508 740 543 779 ea
565 723 715 780 demolitio
738 724 830 789 tieret,
853 724 1001 779 senatores
1023 735 1061 776 ns

195 832 257 873 xxx
271 818 366 902 minos
386 822 529 879 adessent.
572 823 681 879 Videte
701 822 874 894 gravitatem
888 819 1017 877 civitatis
1031 825 1062 877 et

195 914 375 988 dignitatem.
390 938 483 993 neque
497 938 546 976 eas
561 920 592 977 in
610 923 680 977 urbe
694 938 745 976 sua
758 926 867 977 statuas
885 937 948 975 esse
963 910 1067 974 volue·'

195 1019 269 1081 rant,
283 1034 351 1089 quas
365 1017 463 1083 inviti,
477 1036 527 1089 per
541 1019 602 1075 vim
617 1024 702 1092 atque
723 1018 884 1091 imperium,
897 1016 1060 1084 dedissent;

192 1128 286 1185 neque
295 1114 361 1184 ,ejus
373 1115 505 1182 hominis,
519 1116 549 1173 in
564 1134 649 1191 quem
668 1116 733 1189 ipsi,
743 1134 813 1173 eum
820 1116 992 1189 gravissimo
1006 1123 1065 1171 tes--

191 1209 323 1276 timonio,
349 1210 507 1284 ”publium
532 1217 607 1288 quod
635 1234 789 1291 numquam
816 1221 912 1281 antea,
937 1214 1060 1270 Romam

174 1308 328 1365 mandata
341 1311 506 1385 legatosque
515 1313 676 1369 misissent.
692 1322 722 1369 et
731 1314 760 1369 id
774 1313 891 1385 gravius
902 1329 966 1366 esse
980 1315 1059 1382 puta·

189 1410 305 1472 verunt,
325 1406 350 1462 si
369 1409 486 1480 publico
501 1410 633 1476 consilio,
647 1427 733 1482 quam
747 1409 772 1464 si
791 1427 841 1481 per
862 1408 1060 1464 vimmultito·

189 1502 267 1559 dinis
292 1504 404 1561 suetum
428 1507 583 1563 videretur.
626 1507 701 1563 Cum
727 1508 782 1563 hoe
805 1507 929 1563 oonsilio
950 1513 1059 1563 statuas

191 1601 378 1673 Centuripini
393 1605 507 1677 publiee
527 1606 719 1673 sustulissent,
733 1606 813 1663 audit
828 1606 981 1663 Metellus:
997 1624 1059 1679 gra·
1106 1682 1108 1685 Ι

190 1698 268 1755 viler
287 1700 356 1756 lert:
380 1708 486 1759 evooat
505 1706 543 1759 ad
562 1723 594 1760 se
609 1704 832 1777 Centuripinum
852 1705 1058 1779 magistratum,

190 1801 221 1853 et
234 1800 451 1871 decemprimos.
468 1802 523 1857 nisi
534 1804 725 1861 restituissent
736 1811 853 1869 statuas,
869 1807 1058 1862 vehementer

190 1894 227 1951 iis
239 1897 369 1959 oriuntur.
405 1898 453 1954 llli
468 1901 504 1954 ad
518 1907 649 1955 senatum
662 1902 970 1966 renuntientstatuae,
984 1918 1057 1972 quae
1108 1879 1110 1884 .

189 1994 272 2052 istius
286 2015 391 2053 causae
412 1997 483 2053 nihil
499 1998 675 2068 prodessent,
700 2003 891 2070 reponuntur:
912 1996 1058 2053 ⁸⁰‹lecretn

190 2093 453 2166 Centuripinorum,
474 2112 547 2167 quae
562 2096 598 2150 de
613 2095 715 2150 statuis
730 2102 811 2152 erant
832 2095 918 2161 laeta,
932 2112 990 2150 non
1006 2095 1058 2150 tol·

190 2195 295 2251 luntur.
337 2195 396 2249 Hie
411 2212 466 2267 ego
479 2194 556 2249 uliud
571 2194 622 2250 alii
636 2196 784 2251 concedo:
800 2196 932 2262 llletello,
946 2193 1057 2251 homini

189 2291 324 2364 sapienti,
338 2311 450 2365 prorsus
466 2312 523 2350 nou
538 2312 652 2366 possum
667 2295 827 2368 ignoscere,
848 2296 873 2351 si
887 2295 956 2368 quid
970 2296 1056 2351 stulte

187 2389 267 2447 lacit.
310 2390 407 2462 Quid?
422 2393 471 2447 ille
488 2393 542 2447 hoe
557 2395 676 2462 putabat
687 2393 774 2455 Verri
787 2392 973 2448 criminosum
988 2394 1056 2458 lore,

187 2487 212 2545 si
227 2489 288 2557 ejus
303 2491 413 2541 statuae
429 2494 526 2541 essent
539 2486 681 2558 dejectae,
697 2488 772 2558 quod
792 2504 879 2557 saepe
894 2495 992 2553 vento,
1006 2493 1056 2546 aut

186 2587 285 2656 aliquo
301 2600 369 2638 casu
385 2582 447 2638 lieri
463 2581 558 2639 solet?
573 2601 631 2641 nou
646 2585 752 2640 eratin
767 2585 821 2638 troo
837 2602 929 2657 neque
943 2585 1054 2646 crimen
1094 2600 1096 2603 ’

187 2685 288 2749 ultum,
315 2698 408 2753 neque
436 2681 629 2754 reprehensio·
680 2682 726 2738 Ex
754 2700 810 2754 quo
835 2682 922 2754 igitur
943 2679 1054 2740 crimea

185 2761 276 2855 atque
298 2779 448 2836 accusatio
474 2777 621 2837 nascitur?
650 2798 688 2836 ex
713 2779 861 2835 hominum
883 2780 997 2850 judicio
1024 2785 1055 2837 et
1120 2831 1123 2836 .

186 2883 346 2938 voluntate.
378 2879 451 2950 Ego,
462 2878 486 2934 si
499 2878 635 2934 Meteilus
647 2883 755 2934 statues
771 2894 908 2947 reponere
920 2877 1053 2939 Centuri·
1121 2932 1123 2937 ,

187 2979 272 3052 pinos
288 2995 344 3034 non
359 2975 515 3049 tetigisset,
535 2976 607 3030 haee
621 2976 767 3032 dicerem:
790 2973 909 3041 Videte,
928 2974 1054 3047 judiees,
1065 2923 1105 2980 68

185 3085 332 3151 quantum,
351 3084 381 3132 et
398 3094 484 3149 quam
506 3076 640 3131 acerbum
660 3075 789 3129 dolorem
811 3073 953 3131 sociorum
968 3080 1053 3149 atque
1123 3125 1126 3129 ,

186 3175 343 3232 amicorum
358 3174 461 3230 animis
473 3172 628 3230 inusserint
641 3172 723 3245 istius
736 3171 875 3244 iujuriam
897 3191 963 3231 oum
978 3175 1054 3234 Ceu

186 3273 374 3344 turipinorum
396 3271 571 3328 amicissima
599 3278 628 3329 et
654 3271 821 3336 fidelissima
842 3271 958 3339 civitas,
981 3291 1054 3346 quae

185 3371 275 3428 tantis
296 3370 398 3428 officiis
412 3387 478 3427 eum
500 3371 605 3442 populo
629 3371 762 3427 Romano
778 3372 935 3444 conjuncta
949 3381 1002 3435 est,
1024 3375 1054 3425 ut

216 3522 239 3556 '¹⁹
250 3522 346 3583 publice]
357 3537 401 3569 non
412 3526 446 3568 est
456 3522 479 3569 in
489 3522 538 3568 edd.
549 3535 582 3582 pr.
594 3535 634 3567 nee
649 3521 671 3568 iu
681 3521 728 3566 Ms.
740 3521 780 3567 nisi
790 3537 834 3568 uno
850 3521 932 3568 Nannii
942 3524 1054 3578 repertum

186 3580 307 3688 :manuele
322 3581 344 3627 in
354 3587 438 3627 textum
449 3587 559 3642 receptum
569 3586 610 3627 est.
623 3581 731 3627 redundat
740 3586 814 3627 antem
823 3582 945 3634 manifeste,
955 3585 1054 3640 utsupra

214 3719 235 3750 ⁰⁰
250 3718 425 3764 danem-mm
439 3719 568 3781 attentae]
599 3719 650 3771 Hoc
659 3718 754 3782 primum
764 3719 853 3768 acessit
868 3716 937 3766 textui
947 3731 987 3780 per
995 3714 1054 3765 Gru.-

185 3777 348 3827 tunnensis.
361 3777 463 3843 antiquis.
