2700 4675
444 602 516 657 ΑΟΤ.
533 606 562 656 ll.
578 605 675 655 LIBER
689 600 865 654 SECUNDUS.
1026 602 1092 665 353

230 748 321 807 multo
335 751 435 826 magis,
449 751 563 826 ⁷⁰qoam
576 759 644 813 ente
658 752 689 811 in
703 750 870 817 aratoribus,
890 746 1091 806 videndumst
1161 793 1174 799 -

228 848 467 908 considerandum
478 856 532 919 est,
545 853 612 927 quid
626 852 711 909 velis.
726 866 832 923 magna
841 866 886 906 res
899 850 953 904 est.
986 846 1093 904 Utrum

230 944 284 1001 tibi
299 947 422 1016 Siculos,
436 948 550 1022 publice
564 949 755 1024 privatimque
773 946 892 1013 smicm,
906 963 944 1002 an
956 942 1093 1001 inimicos

228 1042 391 1102 existimari
409 1046 454 1103 vis
466 1044 477 1104 i
491 1047 517 1103 si
534 1046 678 1115 inimicos,
690 1047 759 1122 quid
777 1051 807 1103 te
819 1046 943 1102 loturum
956 1039 1023 1099 est?
1036 1056 1094 1117 quo

225 1140 400 1221 confugies?
419 1144 468 1201 ubi
482 1142 597 1202 nitere?
612 1146 698 1202 modo
716 1151 859 1203 oratorum
880 1140 1093 1200 honestissimo

227 1254 289 1294 rum
304 1223 500 1300 hominumue
514 1244 812 1316 locupletissimorum,
831 1247 862 1299 et
877 1241 1049 1306 Siculorum,
1061 1241 1093 1295 et

229 1334 339 1394 civium
354 1338 550 1398 Romanorum
562 1340 581 1373 ⁷¹
590 1343 748 1399 maximum
761 1358 910 1398 numerum
923 1340 1013 1394 abste
1027 1338 1093 1394 aba·

227 1432 360 1491 lienastir
381 1456 458 1496 nunc
473 1441 510 1495 de
525 1439 633 1495 Siculis
653 1438 822 1495 civitatibus
842 1438 911 1511 quid
930 1432 1019 1510 ages?
1040 1432 1093 1491 Di·

227 1547 288 1597 ces,
308 1532 362 1588 tibi
377 1535 491 1591 Siculos
504 1553 567 1591 esse
584 1533 714 1593 amicos?
733 1537 782 1611 qui
796 1531 924 1609 poteris?
945 1534 1004 1609 qui,
1018 1534 1094 1610 quod

227 1631 309 1686 nullo
329 1630 361 1687 in
382 1632 499 1690 homine
521 1641 608 1691 antea
629 1635 769 1703 fecerunt,
793 1634 872 1691 utin
889 1652 957 1691 eum
978 1634 1093 1706 publice

226 1727 422 1787 testimonium
435 1731 576 1801 dicerent,
597 1751 664 1791 cum
685 1734 853 1807 praesertim
867 1752 905 1791 ex
919 1752 955 1791 ea
976 1733 1094 1805 provin-

226 1824 274 1881 cia
289 1828 475 1886 condemnati
493 1831 551 1886 sint
564 1834 735 1902 complures,
757 1832 806 1905 qui
819 1832 861 1888 ibi
876 1836 1022 1903 praetores
1034 1830 1093 1884 tue-

226 1928 300 1990 runt,
323 1926 379 1982 duo
393 1926 448 1982 soli
462 1927 600 1996 absoluti3
624 1928 680 1984 huc
694 1927 877 1985 conveniunt
893 1943 959 1981 cum
979 1925 1092 1995 litteris,

227 2022 349 2080 veniunt
368 2041 434 2080 curn
448 2024 600 2092 mandatis,
620 2024 744 2082 veniunt
757 2042 824 2082 cum
838 2022 1010 2083 testimoniis
1024 2023 1092 2093 pub-

225 2118 306 2176 licis:
321 2121 379 2194 qui,
392 2117 446 2180 ⁷²'si
458 2127 486 2178 te
500 2124 658 2191 laudarent,
676 2127 775 2179 tamen
789 2122 819 2203 id
833 2139 911 2178 more
926 2121 1020 2195 potius
1031 2136 1092 2194 suo,

225 2234 310 2291 quam
324 2219 427 2278 merito
440 2225 497 2288 tuo,
514 2221 610 2280 lacere
624 2222 799 2279 viderentur.
842 2220 884 2278 Hi
897 2238 964 2278 cum
983 2221 1020 2275 de
1034 2218 1092 2277 tuis

225 2314 309 2375 lactis
322 2320 439 2391 publice
452 2327 672 2396 conqueruntur,
688 2340 785 2379 nonne
799 2322 855 2378 hoc
869 2321 1010 2388 indicant,
1029 2323 1092 2376 tan·

228 2419 272 2472 tas
295 2434 358 2473 esse
382 2418 511 2489 injurias,
532 2423 564 2474 ut
586 2420 677 2473 multo
699 2417 850 2474 maluerint
876 2419 914 2473 de
936 2434 989 2472 suo
1012 2431 1092 2472 more

227 2513 380 2576 decedere,
390 2530 475 2586 quam
486 2515 523 2570 de
533 2513 589 2570 tuis
601 2512 726 2569 moribus
737 2530 794 2569 non
805 2511 924 2570 dicere?
944 2513 1091 2570 Confiten-

227 2609 295 2664 dum
309 2612 354 2663 est
377 2608 464 2682 igitur
477 2610 530 2666 tibi
544 2609 718 2676 necessario,
740 2608 855 2665 Siculos
869 2609 1003 2666 inimicos
1016 2626 1090 2679 esse,

227 2705 403 2781 quiquidem
424 2713 454 2765 et
474 2708 505 2765 in
519 2713 549 2765 te
568 2709 740 2783 gravissima
759 2709 902 2781 postulata
924 2709 1090 2764 consulibus

226 2805 379 2871 ediderint,
402 2810 432 2860 et
456 2822 511 2873 me,
534 2811 566 2862 ut
589 2807 665 2863 hanc
690 2822 816 2871 causam,
840 2805 995 2880 salutisque
1019 2821 1089 2862 suae

224 2902 422 2962 defensionem
435 2903 620 2977 susciperem,
633 2901 826 2971 obsecmrint;
840 2903 888 2975 qui
900 2919 995 2959 cuma
1009 2918 1089 2974 prae-

225 3012 286 3062 tore
300 3003 526 3076 prohiberentur,
540 3020 557 3059 u
571 3006 691 3077 quatuor
709 3001 904 3077 quaestoribus
916 3001 1088 3074 impediren-

224 3108 278 3169 tur,
294 3103 422 3160 omnium
437 3101 538 3169 minas,
558 3106 643 3175 atque
656 3101 755 3158 omnia
773 3099 909 3173 pericula,
930 3117 981 3174 pro
994 3102 1088 3159 saluts

225 3218 285 3267 sua,
303 3200 382 3257 levia
395 3199 546 3266 duxerint3
567 3196 615 3273 qui
629 3198 722 3272 priore
737 3198 852 3257 actione
865 3199 906 3256 ita
920 3199 1088 3258 testimonia

156 3314 159 3321 ·
224 3297 352 3370 graviter
361 3298 603 3370 vehementerque
616 3298 753 3362 dixerint,
767 3303 796 3355 ut
810 3300 997 3356 Artemonem
1009 3299 1085 3358 Ceu·

224 3395 379 3468 turipinum
399 3395 534 3468 legatum,
548 3400 578 3451 et
597 3395 712 3467 publice
733 3401 845 3464 testem,
861 3399 897 3470 Q.
913 3397 1084 3459 Hortensium

251 3547 273 3581 w
287 3548 429 3609 qumana]
450 3523 624 3596 'riunena
636 3547 847 3597 sternumenta.

251 3625 271 3659 ⁷¹
286 3627 410 3673 auximum
422 3642 543 3674 numerum
551 3629 589 3674 olis
600 3632 619 3672 te
629 3625 767 3687 olstiomrtr']
783 3629 906 3674 ausimum
920 3625 980 3672 edidi
995 3640 1009 3671 e
1023 3625 1081 3674 Mes.

223 3699 272 3731 oum
282 3683 386 3730 timeris.
418 3686 454 3731 Sic
468 3691 492 3731 et
506 3687 556 3733 edd.
574 3689 629 3732 vett.
660 3685 798 3732 Abolirnosti
810 3692 850 3743 est,
868 3691 916 3731 ate
933 3685 1023 3739 alienos,
1040 3684 1083 3732 tibi

222 3742 319 3789 inimicos
329 3757 376 3788 esse
384 3743 466 3791 dixisti.

250 3820 273 3852 ⁷²
288 3819 480 3880 secundarent]
512 3821 607 3869 Publice
620 3821 701 3877 delevi,
715 3838 729 3869 e
747 3823 793 3872 Ms.
803 3825 884 3873 Frena
899 3822 1081 3884 mirigiderss

220 3879 312 3933 dundat,
323 3891 389 3938 quum
403 3893 431 3926 en
439 3881 618 3930 antecedentibus
627 3881 771 3940 intelligatur.

260 3976 331 4017 von.
352 3977 394 4017 ιν.
632 3967 670 4021 32
689 3958 709 3996 ⁸
