2700 4675
431 567 498 619 rao
513 566 583 618 sax.
598 566 715 617 aoscrc
728 564 892 615 auratus.
1059 568 1110 628 53·

230 715 384 774 fortissime
406 716 572 774 hominibus
591 713 791 772 audacissimis
814 710 964 778 resistatis,
986 714 1020 767 ut
1043 712 1100 770 hoc

229 813 375 885 cogitetis,
386 814 444 872 nisi
455 814 488 871 in
501 816 558 871 hac
572 827 668 878 causa,
680 810 729 884 qui
742 814 840 866 vester
853 809 967 866 animus
976 806 1024 877 sit,
1038 806 1100 865 ⁸os·

233 909 438 977 tenderitis,eo
446 926 628 983 prorumpere
636 907 785 965 hominum
793 906 991 980 cupiditatem,
999 910 1030 963 et
1039 924 1100 965 sce·

231 1008 287 1073 lus,
300 1013 331 1063 et
344 1007 506 1074 audaciam,
522 1011 626 1064 utnon
639 1006 725 1063 modo
734 1008 820 1074 clam,
835 1005 1038 1063 verumetiam
1051 1005 1100 1063 hic

232 1103 265 1159 in
278 1104 428 1170 formante
441 1105 564 1162 tribunal
578 1108 665 1173 tuum,
680 1103 723 1161 M.
733 1103 842 1171 Fanni,
851 1108 919 1161 ante
932 1105 1022 1178 pedes
1036 1121 1100 1161 ves·

231 1204 300 1268 tros,
315 1201 440 1273 judices,
452 1202 529 1260 inter
540 1202 604 1276 ipsa
614 1202 761 1282 *subsellia
779 1204 885 1260 caedes
904 1203 1015 1261 satirae
1028 1202 1098 1262 sint.

230 1299 350 1359 Etenim
363 1301 431 1375 quid
445 1301 523 1361 aliud
536 1303 592 1359 hoc
599 1300 716 1374 judicio
729 1304 865 1369 tentatur,
876 1300 934 1358 nisi
946 1306 978 1359 ut
991 1302 1022 1358 id
1035 1301 1099 1359 lieri

228 1397 339 1458 liceat?
353 1402 504 1459 Accusant
519 1400 551 1467 ii,
564 1400 614 1475 qui
627 1400 659 1457 in
672 1400 800 1457 fortunas
813 1399 899 1473 hujus
911 1398 1097 1457 invaserunt:

226 1514 345 1557 causam
358 1497 432 1557 dicit
445 1497 480 1566 is,
501 1498 559 1566 cui,
579 1501 693 1571 praeter
711 1497 919 1564 calamitatem,
938 1496 1013 1555 nihil
1034 1497 1098 1555 reli·

226 1602 364 1673 querunt:
381 1602 519 1654 accusant
533 1596 565 1664 ii,
579 1596 691 1671 quibus,
704 1595 802 1653 occidi
815 1600 926 1669 patrem
940 1596 1011 1653 Sex.
1026 1596 1097 1655 Ros·

227 1694 278 1763 cii,
292 1696 369 1753 bono
381 1694 453 1752 luit:
473 1710 590 1753 causam
603 1693 725 1763 dicitis,
745 1694 794 1752 cui
814 1712 874 1753 non
887 1695 974 1752 modo
987 1696 1097 1753 luctum

228 1789 305 1851 mors
318 1793 406 1866 patris
420 1792 526 1862 attulit,
540 1792 744 1851 verumetiam
764 1798 943 1866 egestatem:
957 1797 1097 1852 accusant

228 1889 261 1957 ii,
274 1890 323 1964 qui
333 1892 410 1947 hunc
424 1891 517 1964 ipsum
525 1890 659 1964 jugulare
670 1908 781 1948 summe
794 1890 947 1963 cupierunt
958 1911 965 1947 ι
978 1908 1097 1949 causam

229 1987 351 2055 dicitis,
364 1988 415 2060 qui
426 1986 515 2043 etiam
528 1987 566 2050 ad
579 1987 636 2044 hoc
649 1987 744 2059 ipsum
757 1986 902 2059 judicium
914 2004 982 2044 cum
991 1989 1097 2060 praesi-

228 2084 280 2144 dio
293 2084 385 2152 venit,
405 2103 443 2141 ne
456 2083 505 2141 hic
518 2082 627 2142 ibidem
647 2089 716 2142 ante
729 2086 829 2143 oculos
842 2089 954 2142 vestros
974 2086 1096 2145 trucide-

228 2191 283 2244 tur.
297 2185 423 2259 denique
436 2188 575 2242 accusant
587 2183 619 2252 ii,
632 2200 703 2259 quos
717 2186 837 2258 populus
850 2184 962 2258 poscit:
977 2201 1095 2245 calisam

225 2284 299 2345 dicit
322 2285 356 2353 is,
377 2284 426 2361 qui
446 2301 519 2343 unus
540 2284 659 2343 relictus
679 2301 718 2342 ex
737 2284 851 2344 illorum
875 2283 985 2344 nerana
1001 2286 1094 2345 caede

227 2391 325 2462 restat
368 2385 465 2458 Atque
478 2389 510 2441 ut
523 2383 636 2441 facilius
650 2383 814 2457 intelligere
827 2383 954 2456 possitis,
968 2384 1095 2455 judices,

229 2501 275 2552 ea,
289 2501 362 2558 quae
375 2482 452 2539 lacta
465 2486 541 2548 sunt,
561 2480 726 2553 indigniora
739 2497 813 2546 esse,
826 2496 911 2553 quam
924 2481 998 2536 haec
1018 2486 1095 2551 suut,

227 2598 302 2658 quae
315 2580 455 2638 dicimus:
476 2579 514 2634 ab
533 2576 629 2643 initio,
642 2594 688 2632 res
701 2576 940 2658 quemadmodum
953 2577 1094 2652 gestauit,

228 2679 314 2737 vobis
328 2692 505 2750 exponemus
515 2694 527 2731 ε.
537 2691 595 2750 quo
607 2673 721 2731 facilius
734 2678 765 2730 et
778 2674 860 2748 liujus
874 2673 998 2733 hominis
1012 2675 1094 2735 inno·

226 2775 388 2836 centissimi
410 2773 548 2841 miserias,
573 2777 604 2830 et
617 2772 732 2846 illorum
745 2773 902 2841 audaciam
911 2790 1090 2849 cognoscere

226 2876 352 2954 possitis,
366 2880 395 2932 et
409 2872 585 2949 reipublicae
599 2871 807 2944 calamitatem.

265 2977 335 3034 Sex.
350 2974 482 3040 Roscius,
503 2976 585 3046 pater
607 2971 736 3046 hujusce,
758 2969 914 3043 municeps·
934 2971 1121 3046 Amerinusss

221 3076 286 3144 fuit,
299 3091 365 3132 cum
378 3090 497 3148 genere,
508 3076 539 3128 et
551 3070 714 3138 nobilitate,
725 3073 755 3126 et
778 3069 903 3142 pecunia
925 3086 983 3127 non
1004 3073 1090 3139 modo

224 3174 270 3233 sui
282 3171 441 3246 municipii,
455 3187 556 3227 verum
570 3169 659 3226 etiam
672 3169 739 3241 ejua
748 3167 911 3226 vicinitatis
924 3169 1011 3226 facile
1034 3171 1089 3245 pri·

225 3288 297 3336 mus,
310 3276 370 3327 tum
383 3268 475 3344 gratia
488 3273 573 3342 atque
587 3265 719 3340 hospitiis
730 3265 839 3323 florens¹
847 3266 996 3326 hominum
1008 3269 1090 3327 nobi·

224 3367 402 3426 lissimorum.
429 3368 507 3423 Nam
520 3383 586 3422 cum
598 3363 738 3431 Metellis,
749 3363 892 3432 Serviliis,
905 3365 1088 3440 Scipionibus

224 3469 288 3524 erat
300 3465 329 3520 ei
342 3481 400 3522 non
413 3465 499 3522 modo
512 3461 679 3538 hospitium,
694 3478 795 3519 verum
813 3461 902 3519 etiam
914 3463 1088 3535 domesticus

250 3637 407 3690 ”ostentatui
437 3635 702 3692 insciamansit
723 3635 1007 3683 ostendatiascribendum:
1031 3633 1089 3680 illud
1159 3678 1161 3681 .

222 3697 327 3763 praetuli.
374 3694 495 3742 manieti
529 3708 554 3740 er
569 3693 756 3763 marpendiariam
770 3695 903 3757 scripturam
916 3700 990 3741 ortum
1004 3691 1116 3748 emin..

219 3771 292 3820 eaque
300 3769 367 3816 saepe
376 3752 522 3816 peccaverelr
537 3767 590 3800 rara
599 3757 623 3799 et
632 3753 747 3800 autom

259 3899 333 3939 voe.
354 3897 400 3938 rr.
647 3872 696 3930 t*
