2700 4675
251 495 311 556 138
548 491 583 540 ul
597 492 628 544 Q.
643 488 827 540 Gfflllrssffl

248 639 363 698 lestiom
386 655 470 714 posse
493 639 651 707 demoveri,
680 638 710 695 id
732 636 804 696 milri
831 639 895 695 eret
922 636 1125 698 sdvermrium

249 741 385 796 maxime.
427 741 506 797 Nom
519 738 563 796 illi
576 741 666 796 multo
689 736 761 794 milri
775 737 832 793 hoc
856 734 979 794 facilius
1001 737 1122 795 remisis·

248 845 324 904 sent,
338 837 361 893 si
376 839 463 896 istum
476 855 535 895 non
549 840 676 902 nossent,
686 839 735 891 eut
749 835 774 891 si
788 835 844 891 iste
857 835 937 907 cpud
952 852 1009 894 ecs
1026 852 1121 910 quscs·

249 940 294 992 tor
307 953 365 992 nou
390 936 498 992 luisset.
540 937 692 992 Adductus
705 931 919 1004 sum„judices,
933 933 1045 994 officio
1057 934 1119 1001 fide,

249 1033 454 1099 misericordia,
464 1035 616 1088 multorum
627 1035 766 1088 bonomm
779 1032 926 1103 exemplo,
941 1031 1039 1089 veteri
1055 1048 1118 1088 con·

249 1129 410 1197 suetudine,
421 1129 609 1203 institutoque
622 1128 772 1200 majorum,
791 1133 823 1186 ut
836 1145 909 1185 onus
934 1130 994 1187 hoc
1017 1128 1119 1186 laboris

249 1233 334 1302 etque
347 1228 445 1296 oflicii,
459 1245 517 1285 non
532 1246 571 1284 er
584 1243 658 1293 meo,
672 1227 725 1282 sed
738 1244 777 1283 ex
790 1242 920 1284 meorum
942 1228 1116 1285 necessario

248 1346 311 1386 rum
331 1334 469 1402 tempore,
483 1327 555 1385 mihi
575 1325 791 1400 suscipiendum
811 1329 955 1398 putarem.
999 1327 1067 1399 Quo
1082 1326 1117 1383 in

250 1427 369 1496 negotio
383 1434 480 1484 temen
496 1427 547 1484 illa
571 1443 617 1482 me
632 1441 687 1490 res,
695 1423 821 1497 judices,
844 1425 1025 1491 consoletur,
1049 1422 1120 1498 qnod

248 1524 331 1589 haec,
345 1542 419 1597 quoe
432 1524 548 1580 videtur
561 1540 624 1578 esse
638 1521 787 1579 accusatio
799 1537 875 1587 mec,
888 1538 951 1578 nou
965 1522 1062 1595 potius
1075 1538 1118 1579 cc·

248 1620 369 1686 occatio,
396 1638 482 1693 quem
504 1620 634 1676 defensio
654 1624 700 1676 est
727 1619 934 1676 existimanda.
985 1619 1118 1678 Deieudc

247 1718 328 1776 enim
348 1721 452 1775 multos
476 1719 619 1784 mortales,
639 1716 745 1774 multiss
765 1717 913 1784 civitates,
935 1717 1118 1790 provinciam

249 1817 382 1875 Siciliam
396 1823 495 1875 totam.
537 1816 742 1887 Quamobrem,
760 1813 808 1872 4εἰ
831 1814 904 1873 mihi
918 1833 996 1873 uuus
1016 1821 1116 1874 estse-

248 1919 401 1985 cusondus,
415 1916 620 1990 propemodum
633 1931 750 1971 manere
764 1914 796 1972 in
809 1914 946 1972 instituto
959 1932 1029 1973 meo
1043 1915 1117 1973 vide·

248 2032 289 2082 or,
304 2021 335 2072 et
348 2033 407 2072 non
420 2016 540 2072 omnino
552 2032 571 2070 c
583 2012 774 2070 defendendis
784 2012 952 2071 hominibus
966 2014 1117 2096 subleven-

248 2112 349 2183 disque
357 2113 516 2168 discedere.
558 2112 669 2183 Quodsi
682 2113 759 2168 hanc
770 2127 888 2168 causam
898 2114 962 2169 tom
975 2111 1116 2179 idcnesm,

248 2212 308 2263 tom
321 2206 470 2274 illustrem,
483 2213 544 2264 tam
556 2225 676 2281 gravem
697 2228 757 2266 non
784 2210 940 2278 haberem
962 2210 989 2267 si
1003 2215 1056 2268 cut
1067 2211 1116 2268 hcc

249 2322 327 2364 nme
343 2304 436 2365 Siculi
450 2324 509 2363 non
524 2305 673 2379 petissent,
684 2312 734 2364 sut
747 2307 820 2365 mihi
833 2323 902 2364 cum¹
912 2307 1027 2367 Siculis
1037 2323 1118 2368 censs

249 2411 348 2466 tentae
363 2405 584 2464 necessitudinis
599 2422 658 2462 non
671 2405 874 2472 intercederet,
899 2411 933 2463 et
957 2407 1027 2476 hoc,
1049 2406 1120 2483 quud

248 2507 335 2574 lucio,
352 2524 399 2564 me
414 2505 587 2579 reipublicae
602 2520 690 2561 causa
703 2505 798 2561 secere
813 2504 972 2578 profiterer,
987 2511 1023 2564 ut
1036 2507 1116 2565 homo

248 2603 387 2674 singulari
401 2603 571 2673 cupiditate,
584 2601 714 2669 audacie,
734 2606 844 2660 scelere
867 2603 1032 2676 praeditus,
1044 2604 1119 2678 cujus

248 2699 416 2772 furiosique
430 2699 540 2771 flagitia
553 2715 612 2756 non
626 2699 657 2755 in
670 2698 773 2757 Sicilie
786 2702 888 2769 solum,
907 2703 964 2759 sed
976 2703 1012 2762 in
1028 2704 1119 2763 Achn-

243 2798 287 2871 js,
308 2797 391 2866 Asis,
419 2796 535 2867 Cilicis,
558 2797 741 2871 Pamphylia,
766 2798 877 2857 Romae
900 2801 1034 2876 denique
1056 2805 1119 2860 sule

159 2952 161 2956 Α
249 2901 349 2957 oculos
362 2898 490 2957 omnium
510 2896 637 2955 maxims
657 2895 876 2970 turpissimeque
897 2915 1066 2968 nossemus,
1078 2916 1119 2958 ms

247 3001 355 3068 egente
369 2997 399 3051 in
414 2996 559 3065 judicium
572 2999 743 3050 vocaretur:
764 2994 827 3068 quis
838 2996 959 3054 tandem
972 3005 1064 3067 esset,
1076 2994 1119 3073 qui

249 3108 346 3148 meum
365 3090 496 3148 ⁵l'actum
518 3096 568 3147 cut
587 3090 742 3150 consilium
763 3096 860 3164 posset
883 3089 1119 3166 reprehendere?

217 3193 239 3248 3
251 3187 332 3259 Quid
345 3191 399 3254 est,
413 3188 484 3259 proh
506 3189 591 3244 deum
605 3189 811 3264 hominumque
826 3188 931 3247 fidem!
953 3192 988 3250 in
1003 3212 1062 3268 quo
1073 3207 1121 3267 ego

248 3283 427 3358 reipublicae
440 3287 504 3356 plus
517 3286 572 3343 hoc
588 3292 715 3362 ternpore
735 3287 869 3360 prodesse
890 3289 1028 3360 possim?
1050 3289 1120 3365 Quid

248 3389 302 3454 est,
318 3383 395 3460 quod
408 3387 458 3441 eut
472 3387 577 3457 populo
595 3385 732 3443 Romano·
741 3385 851 3459 gratius
863 3404 929 3444 esse
943 3389 1065 3462 debent,
1077 3392 1119 3448 sul

277 3539 290 3574 ⁴
303 3540 324 3587 si
332 3537 456 3586 milicem
464 3543 494 3583 est
502 3537 557 3597 occ]
589 3539 663 3586 Sensit
673 3539 829 3586 Hotomaunus
846 3538 933 3599 aliquid
952 3541 1090 3591 difflmltatis
1102 3539 1122 3587 ἰ

248 3598 282 3646 his
291 3598 370 3645 verbis.
404 3597 482 3656 ltaque
491 3597 511 3642 si
519 3597 603 3657 accepit
614 3613 656 3659 pro
671 3599 718 3644 eci.
751 3598 796 3644 sm
812 3598 836 3644 id
853 3612 897 3644 nou
907 3599 1037 3648 satisfacit:
1053 3597 1122 3649 necti

248 3656 366 3716 intelligas,
376 3669 437 3728 epm
446 3655 515 3700 modo.
547 3654 606 3701 Puto
615 3661 656 3702 eut
664 3657 701 3702 lic
712 3670 774 3703 unus
790 3669 838 3703 esse
846 3657 975 3714 legendum,
989 3665 1032 3708 out
1042 3660 1122 3712 ΡΜ,

248 3721 339 3777 propter
348 3722 457 3765 raconem
465 3712 618 3771 suffectorum.
632 3715 680 3764 Ms.
692 3716 736 3764 Gu.
751 3715 804 3775 quic
813 3730 856 3776 pro
870 3716 986 3767 chelim:
1004 3733 1051 3769 mn
1061 3716 1119 3767 ude

276 3793 418 3844 ⁸seruilium
444 3792 594 3853 autfertum

153 3886 161 3965 l

153 3972 159 4001 t
