2700 4675
271 571 313 634 24
643 562 768 612 otis'l'lo

270 715 377 774 rationi
390 718 420 773 et
433 712 559 773 consilio
571 711 717 769 dedisses:
738 715 768 766 tu
783 714 813 765 te
831 705 1025 781 coluguses:
1050 724 1117 767 non
1130 706 1162 767 in

269 830 335 874 eum
345 813 551 887 turpitudinem
562 811 704 877 venisses,
715 814 745 866 ut
757 809 813 864 hoe
825 806 878 863 tibi
890 810 968 861 esset
981 809 1067 879 apud
1081 810 1156 866 tales

268 914 347 972 viros
363 913 569 978 confitendum,
582 928 638 983 qua
653 909 705 966 tibi
726 904 925 964 vadimonium
946 906 1072 984 nonsit
1094 908 1156 964 obi·

267 1017 338 1078 tum,
352 1012 455 1068 eedem
477 1016 506 1065 te
521 1011 591 1064 hora
612 1008 767 1064 consilium
787 1004 910 1078 cepisse,
928 1002 1064 1061 hominis
1088 1023 1153 1079 pro·

217 1108 255 1171 17
267 1109 368 1185 pinqui
383 1109 508 1164 tortunss
522 1106 648 1164 funditus
659 1110 801 1161 evertere.
842 1104 907 1177 Ego
925 1100 944 1133 ⁸¹
953 1120 1008 1173 pro
1019 1108 1054 1159 te
1067 1121 1150 1163 nunc

266 1210 323 1266 hoc
337 1207 465 1273 consulo,
479 1211 543 1279 post
557 1210 669 1276 tempus
691 1208 719 1259 et
736 1203 766 1259 in
788 1203 938 1267 alienare,
959 1203 1042 1274 quod
1058 1206 1095 1259 tu
1117 1203 1150 1261 in

266 1313 316 1363 tua
326 1325 366 1374 re,
376 1324 442 1362 cum
453 1310 565 1377 tempus
576 1308 645 1370 erat,
657 1305 807 1360 consulere
818 1301 923 1358 oblitus
934 1312 974 1355 es.
1020 1300 1148 1371 Quaero

265 1408 317 1463 uls
331 1412 370 1473 te,
385 1406 420 1462 0.
437 1404 559 1477 Aquilli,
581 1404 616 1459 L.
633 1403 764 1467 Luculle,
788 1401 821 1455 P.
838 1397 971 1471 Quintili,
998 1396 1042 1453 Μ.
1064 1399 1147 1456 Mur·

264 1508 356 1561 celle:
379 1503 577 1561 vadimonium
600 1501 671 1557 milri
694 1518 752 1557 non
774 1498 845 1555 obiit
860 1496 975 1570 quidam
995 1497 1100 1554 socius
1114 1503 1147 1555 et

265 1602 358 1658 affinis
373 1619 462 1667 meus,
475 1600 592 1673 quicum
614 1599 686 1654 mihi
707 1597 890 1654 necessitudo
912 1599 1006 1659 vetus,
1020 1602 1144 1654 contro·

264 1699 360 1755 versia
374 1700 410 1755 de
424 1716 455 1754 re
470 1697 636 1769 pecuniaria
646 1714 748 1752 recens
762 1694 926 1752 intercedit.
948 1697 1109 1765 postulone
1123 1715 1144 1753 u

267 1801 408 1870 praetore,
421 1801 453 1852 ut
465 1794 526 1867 ejus
541 1796 617 1850 bona
630 1794 702 1850 mitri
713 1795 857 1866 possidere
872 1789 981 1849 liceat?
1002 1810 1051 1859 nn,
1067 1812 1142 1851 curn

264 1896 375 1953 Romae
397 1896 497 1952 domus
519 1892 589 1965 ejus,
611 1911 692 1960 uxor,
713 1892 796 1949 liberi
812 1893 882 1959 sint,¹
900 1892 1018 1947 domum
1034 1893 1140 1965 potius

261 1991 454 2052 denuntiem?
484 1993 562 2065 Quid
576 1997 629 2060 est,
643 1994 717 2065 quod
741 1994 796 2048 hac
810 1992 928 2047 tandem
948 1991 985 2045 de
999 1976 1031 2045 re
1044 1992 1139 2050 vobis

260 2094 350 2165 possit
373 2090 487 2149 videri?
515 2086 649 2149 Proiecto
671 2093 796 2148 sirecte
819 2095 945 2146 vestram
966 2088 1141 2149 bonitatem·

260 2195 346 2262 atque
362 2190 544 2261 prudentiam
563 2189 700 2261 cognovi,
714 2207 773 2246 non
794 2192 915 2245 multum
934 2204 981 2243 me
1002 2186 1094 2257 tellit,
1109 2192 1145 2249 si·

259 2278 461 2352 consulemini,
482 2286 550 2359 quid
571 2286 633 2342 sitis
655 2288 835 2360 responsuri:
856 2287 987 2364 primurn,
1005 2304 1144 2360 exspem.

259 2390 337 2441 tare:
358 2384 472 2451 deinde,
483 2385 508 2441 si
523 2385 635 2442 latitare
650 2404 684 2442 uc
698 2386 805 2442 diutius
820 2386 966 2442 ludificare
979 2383 1133 2457 videatur,

257 2484 365 2541 amicos
380 2485 553 2542 convenire:
575 2503 720 2559 quaerere,
734 2486 797 2559 quis
818 2488 982 2557 procurator
998 2481 1053 2539 sit:
1076 2487 1133 2547 do,-

257 2600 335 2643 mum
357 2586 536 2642 denuntiare.
557 2585 618 2641 dici
642 2585 695 2642 vix
717 2590 821 2657 potest,
843 2600 927 2657 quam
951 2582 1042 2639 multa
1056 2582 1132 2654 sint,¹

256 2700 329 2756 quae
343 2682 540 2754 respondeatis
562 2688 629 2738 ante
651 2683 714 2738 lieri
733 2688 874 2753 oportere,
894 2698 980 2755 quam
993 2679 1030 2735 ud
1044 2681 1129 2742 hanc

254 2779 397 2835 rationem
424 2777 613 2835 ⁵²extremam
633 2780 826 2836 necessariam
847 2778 996 2836 devenire.
1044 2779 1129 2851 Quid

254 2877 378 2932 adhaec
394 2873 549 2934 Naevius?
580 2877 654 2934 ridet
675 2877 789 2934 scilicet
810 2883 935 2934 nostram
953 2877 1128 2948 amentiam,

253 2973 302 3047 qui
316 2974 346 3029 in
363 2974 423 3031 vita
437 2994 488 3033 sua
501 2975 643 3033 rationem
657 2974 761 3032 summi
772 2975 860 3033 officii
871 2976 1077 3043 desideremus,
1091 2983 1127 3036 et

254 3072 386 3128 instituta
408 3075 546 3131 bonorum
569 3074 696 3131 virorum
718 3073 901 3146 requiramus.
943 3073 1021 3145 Quid
1037 3074 1127 3144 milri,

250 3169 353 3243 inquit,
374 3189 439 3229 cum
461 3172 518 3230 isto
539 3188 650 3229 summa
670 3171 862 3228 sanctimonia
886 3189 921 3227 ac
943 3170 1124 3243 diligentia?

250 3268 387 3338 viderint,
402 3271 504 3346 inquit,
515 3272 571 3328 ista
584 3270 679 3327 officis
691 3270 747 3326 viri
757 3270 843 3327 boni:
864 3272 900 3327 de
911 3288 957 3328 me
967 3272 1123 3331 autemus

248 3368 452 3427 considerent:
482 3388 550 3438 non,
571 3368 640 3443 quid
666 3369 798 3437 habeam,
826 3370 877 3426 sed
904 3369 1005 3443 quibus
1032 3372 1122 3428 rebus

278 3521 296 3552 ⁵¹
310 3528 379 3577 prote
395 3523 503 3568 nuncluce
518 3520 645 3581 --quod
660 3523 707 3582 tac]
739 3521 858 3568 Lambinus
871 3522 941 3567 edidit
956 3523 1116 3582 lus--qws

246 3577 327 3635 Credo,
339 3587 406 3625 recte.
439 3580 476 3625 Sic
486 3584 509 3625 et
524 3581 649 3638 conjecerat
659 3581 765 3627 Muretus
775 3581 805 3627 V.
821 3581 849 3626 L.
860 3581 924 3628 XVl.
938 3585 971 3628 19.
1003 3579 1063 3626 de.
1080 3596 1116 3643 pr.

246 3635 330 3683 habent
339 3639 443 3697 panarum
452 3652 494 3697 pro
502 3636 565 3697 quod.

275 3716 297 3748 ⁵²
311 3721 430 3762 ealrernum
438 3717 712 3780 conmonuemus]
744 3718 837 3765 Hotom.
849 3724 873 3764 et
882 3719 961 3767 hamb.
973 3719 1121 3778 interponunt

245 3775 359 3832 copulam:
376 3774 416 3818 ille
425 3773 493 3820 etiam
500 3774 590 3832 conjicit
596 3790 637 3822 nec
642 3791 721 3824 means.
746 3778 770 3824 Si
781 3779 906 3835 conjectura
915 3778 1028 3832 utendum,
1039 3782 1120 3837 putent

245 3827 361 3887 legendum
376 3847 458 3878 necesse
467 3833 502 3879 stt.
532 3835 594 3882 Nam
607 3836 712 3884 devenire
722 3835 853 3895 simpliciter
861 3843 928 3893 ¹sture
944 3840 969 3884 et
981 3835 1010 3883 ab
1020 3842 1119 3892 morsm

244 3890 342 3944 pendere
349 3904 393 3937 non
402 3895 483 3950 potest·
