2700 4675
243 585 264 644 θ
606 568 732 631 enarro

244 725 339 802 tisque
351 725 567 786 difficultatibus
591 728 710 787 allectus
724 731 810 803 atqua
823 724 970 795 masur,-
980 727 1014 787 ln
1030 735 1122 800 tuam,

245 823 281 883 0.
299 825 421 900 Aquilii,
435 827 531 895 fidem,
545 827 709 895 veritatem,
723 824 950 885 missuaordium
965 825 1001 883 Ρ.
1029 828 1128 901 Quiu-

244 922 301 981 tius
309 925 488 998 contugerit:
509 942 576 982 eum
589 927 686 983 attus
700 923 739 994 el,
753 928 867 1000 propter
879 923 943 981 vim
955 925 1124 985 adversari·

245 1038 335 1087 orum,
349 1037 408 1077 uon
426 1020 476 1093 Jus
490 1038 550 1095 par,
564 1039 624 1079 nen
646 1024 752 1096 agendi
776 1026 903 1096 potestas
924 1023 1042 1093 udam,
1062 1041 1124 1083 nnn

245 1116 428 1190 magistratus
437 1134 543 1193 aequus
555 1119 673 1191 reperiri
683 1120 826 1193 petiuerit:
847 1136 914 1177 aum
927 1119 967 1189 ei,
975 1137 1124 1200 summ

245 1215 455 1291 perinjurium,
468 1216 566 1275 omnia
579 1216 700 1276 inimica
714 1222 799 1294 atque
813 1217 920 1275 infesta
933 1218 1062 1278 luerint:
1084 1226 1125 1290 ta,

248 1315 283 1375 G.
308 1316 430 1391 Aquilli,
449 1315 470 1348 ¹⁰
479 1334 598 1391 vesque,
612 1316 661 1392 qui
685 1316 717 1375 in
730 1316 854 1375 consilio
867 1316 986 1386 adestis,
1000 1324 1068 1377 orat
1081 1323 1124 1379 at·

248 1433 302 1491 que
317 1417 458 1485 obsecrat,
471 1421 503 1473 ut
517 1414 614 1473 multis
636 1416 749 1489 injuriis
758 1415 900 1489 jaetatam
923 1419 1011 1490 atque
1032 1417 1126 1492 egila·

248 1519 307 1572 tam
328 1516 511 1589 aequitatem,
534 1515 566 1573 in
591 1516 646 1571 hoe
668 1516 786 1572 tandem
809 1516 877 1571 loeo
903 1513 1068 1573 consistere
1094 1520 1126 1576 at

217 1602 412 1669 3aonfirmari
425 1612 586 1685 patiamini.
626 1612 662 1669 ld
683 1629 740 1686 quo
752 1611 866 1669 facilius
883 1612 980 1669 lasere
993 1613 1126 1687 masida,

249 1708 325 1766 dabo
337 1725 462 1781 operam,
477 1713 508 1765 ut
528 1726 547 1765 a
560 1707 712 1783 principio,
726 1727 771 1766 res
782 1710 1024 1785 quemadmodum
1035 1717 1126 1788 gesta
1156 1752 1164 1780 ,ι

251 1812 282 1864 et
294 1810 444 1865 eontracta
457 1806 505 1875 sit,
519 1808 712 1881 cognoscatis.

290 1906 326 1966 e.
342 1905 478 1979 Quintius
491 1905 545 1964 aa
560 1906 593 1964 r.
608 1906 822 1983 eunitarum
835 1907 939 1979 aare„
959 1926 1032 1968 sans
1044 1893 1127 1970 aeas·

252 2024 346 2064 rarum
358 2023 453 2064 rerum
463 2006 670 2081 paterfamilias
683 2011 714 2066 et
727 2008 852 2082 prudens
866 2011 1049 2076 stellantes,
1065 2026 1128 2068 nna

251 2104 283 2162 in
297 2121 328 2161 re
341 2106 439 2178 paullo
453 2106 547 2163 miuus
560 2106 769 2175 consideratus,
788 2106 837 2181 qui
862 2106 1035 2165 societatem
1055 2123 1129 2168 eum

254 2201 325 2257 Sex.
340 2200 458 2256 Naevio
482 2202 593 2268 feeerit,
605 2202 669 2259 viro
690 2204 776 2276 bono,
788 2210 989 2263 verumtamen
1007 2221 1071 2263 non
1084 2206 1130 2266 its

253 2296 394 2366 instituto,
417 2301 449 2354 ut
466 2297 533 2370 jnra
557 2298 706 2358 societatis
727 2303 758 2359 et
783 2302 879 2361 officia
898 2303 972 2362 eerti
995 2304 1131 2377 patrisfa-

254 2397 349 2457 milias
373 2414 459 2456 nosse
480 2400 599 2473 posset:
628 2416 689 2457 non
707 2401 806 2476 quasi
824 2403 939 2462 deesset
952 2404 1130 2477 ingenium:

254 2495 336 2578 (nam
349 2516 443 2576 neque
456 2516 555 2573 panum
568 2498 679 2558 facetus
687 2516 784 2560 scurra
796 2503 867 2561 Sex.
876 2502 906 2560 N
908 2502 1018 2568 sevius,
1032 2520 1133 2579 neque

256 2599 428 2657 inhumanus
450 2616 556 2671 praeeo
579 2605 624 2656 est
645 2618 781 2677 umquam
801 2597 1006 2677 existimatus.)
1047 2601 1132 2672 Quid

257 2712 326 2769 ergo
349 2691 414 2750 esti
438 2694 515 2750 (lum
535 2695 564 2749 ei
586 2700 688 2751 natura
708 2699 782 2754 nihil
803 2701 905 2758 melius
918 2715 1004 2773 quam
1018 2715 1131 2761 vocem

258 2790 395 2855 dedisset,
416 2792 498 2863 pater
518 2788 592 2845 nihil
614 2795 728 2862 praeter
756 2791 921 2848 libertatem
944 2794 1130 2866 reliquisset:

261 2904 367 2946 voeem
387 2887 419 2944 in
434 2889 583 2960 quaestum
595 2885 738 2947 enntulit:
759 2884 892 2942 libertate
916 2903 983 2942 usus
996 2893 1050 2953 est,
1071 2913 1136 2966 quo

259 2985 403 3063 impunius
416 2985 504 3042 dieas
518 2987 604 3039 esset.
646 2981 743 3053 Quare
762 2983 837 3057 quod
858 2983 969 3042 socium
993 2982 1046 3041 tibi
1059 3003 1133 3054 eum

261 3086 353 3141 velles
374 3083 540 3162 adjungere,
563 3078 637 3136 nihil
658 3084 730 3156 erat,
744 3080 801 3139 nisi
824 3087 855 3139 ut
877 3084 909 3141 in
929 3089 979 3142 tua
1001 3091 1132 3158 pecunia

257 3181 452 3248 condisceret,
465 3177 514 3252 qui
528 3177 669 3250 pecuniae
682 3178 789 3239 tructus
804 3188 889 3242 esset.
910 3189 1007 3266 tamen
1028 3185 1133 3248 indue

263 3286 307 3337 tus
330 3276 541 3334 consuetudine
562 3293 598 3334 aa
624 3277 820 3338 familiaritate
843 3283 980 3354 Quintius
1003 3283 1082 3353 feeit,
1096 3295 1132 3347 ut

263 3378 335 3446 dixi,
346 3376 515 3436 souietatem
529 3395 627 3436 aarum
644 3395 748 3447 rerum,
762 3363 836 3456 quae
849 3382 881 3439 iu
896 3383 995 3441 Gallia
1014 3402 1132 3459 eompa-

264 3480 407 3536 rabantur.
449 3476 520 3535 Erat
528 3476 556 3534 ei
566 3478 703 3551 pecuaria
714 3497 759 3536 res
773 3483 878 3555 ampla,
886 3487 916 3539 et
929 3483 1046 3550 rustica,
1059 3500 1133 3543 sane

265 3580 340 3636 bene
354 3578 433 3634 culta
445 3578 476 3632 et
495 3575 647 3634 fructuosa.
679 3578 819 3637 'Tollitur
839 3581 876 3638 ab
900 3583 981 3640 atriis
995 3580 1135 3654 Liciniis,

296 3731 317 3764 ¹⁶
331 3743 415 3801 ruma,
425 3727 566 3799 qui-inustas.
577 3729 637 3836 <aig¹
657 3729 952 3806 videturjudieesoallequif
972 3737 1010 3783 sed
1029 3738 1080 3782 sunt
1096 3736 1137 3783 ad-

267 3795 340 3895 digia
355 3796 380 3838 et
394 3788 522 3855 eomulrauu,
532 3802 613 3850 quossi
646 3790 771 3841 admverut
782 3795 891 3856 Aqusltua
907 3809 946 3854 qur
959 3798 1010 3856 past
1023 3806 1136 3892 marteres
