2700 4675
272 549 314 612 74
639 542 762 594 omno

271 692 429 754 modosine
438 708 508 751 curu
517 691 673 769 quiescere,
684 693 735 749 sed
748 708 786 749 ne
798 688 917 765 spirare
927 691 1058 767 quidem
1070 687 1147 748 ‘siut

217 779 261 840 Ἦ
272 799 350 852 metu
364 797 492 868 possunt
533 791 699 858 Videtisne,
711 806 782 864 quos
801 788 891 848 nobis
907 790 1147 864 potitcetrsdide

271 899 346 959 runt,
370 891 459 965 petris
485 890 647 947 ulciscendi
667 905 764 956 censs,
790 888 979 961 supplicium
1005 892 1047 948 de
1067 894 1146 948 meuc

271 990 416 1057 sumsisse,
435 1006 500 1045 cum
514 988 683 1061 praesertim
696 989 814 1045 deorum
830 985 1055 1048 immortalium
1067 985 1146 1063 jussis

272 1093 358 1160 etque
370 1085 494 1143 oraculis
513 1085 542 1142 id
560 1084 664 1141 iecisse
684 1084 825 1152 dicentur,
845 1087 951 1143 mmen
975 1091 1012 1145 ut
1033 1104 1085 1144 eos
1097 1083 1145 1160 egi·

272 1189 337 1242 tent
349 1183 449 1252 iuriae,
469 1202 562 1259 noque
575 1185 734 1241 consistere
749 1198 868 1257 usquam
883 1182 1060 1258 patientum
1080 1182 1146 1260 quod

273 1301 312 1343 ue
325 1283 368 1358 pii
381 1281 496 1358 quidem
509 1282 573 1341 sine
587 1284 699 1339 scelere
714 1297 777 1338 esse
788 1279 974 1353 potuerunt?
997 1283 1052 1342 Sic
1066 1300 1098 1340 se
1110 1297 1147 1340 res

273 1383 372 1451 behet,
379 1381 503 1457 judices.
544 1381 684 1456 Magnam
698 1378 769 1446 rim,
779 1394 917 1452 magnam
930 1381 1147 1448 necessitatem,

275 1498 411 1554 magnam
433 1481 561 1553 possidet
584 1479 753 1553 religionem
778 1480 914 1550 putemus
944 1483 1148 1556 maternusque

275 1578 407 1651 sanguis:
436 1595 475 1634 ex
497 1594 553 1652 quo
574 1576 599 1633 si
624 1594 680 1650 quo
700 1576 813 1633 macula
840 1580 994 1649 conceptu
1019 1582 1077 1646 est,
1097 1593 1149 1635 nou

276 1677 365 1733 modo
393 1672 481 1731 “elui
501 1690 560 1731 non
582 1678 687 1747 potest,
708 1689 809 1730 verum
828 1688 918 1746 usque
941 1691 984 1731 eo
1005 1676 1151 1750 pennensi

278 1775 317 1834 sd
331 1773 468 1840 animum,
479 1777 511 1829 ut
523 1789 649 1829 summus
662 1771 740 1829 suros
752 1775 837 1846 etque
850 1771 986 1829 umentis
1000 1789 1152 1850 conseque

279 1880 333 1936 tur.
375 1872 476 1932 Nolite
498 1869 577 1928 enim
598 1875 707 1944 putere,
728 1869 973 1944 quemadmodum
997 1872 1032 1930 in
1054 1871 1151 1931 tubulis

280 1987 486 2046 saepenumero
500 1969 617 2036 videtis,
630 1986 689 2037 eos,
710 1966 759 2043 qui
772 1965 881 2044 aliquid
893 1966 989 2042 impie
1003 1972 1154 2032 scelerate

280 2087 336 2143 que
347 2067 553 2133 commiserint,
567 2066 669 2140 agitari
680 2072 709 2128 et
722 2065 874 2140 perterreri
888 2063 1051 2128 Furiarum
1065 2069 1153 2130 tseffis

282 2164 457 2221 ardentibus.
500 2164 560 2218 Sua
573 2179 713 2236 quemque
726 2164 811 2232 treus,
832 2169 861 2220 et
874 2180 944 2221 suus
956 2163 1059 2226 'terror
1072 2168 1156 2228 mcxi·

282 2278 330 2320 me
345 2263 453 2317 vexet:
474 2276 555 2315 suum
576 2273 714 2333 quemque
734 2264 829 2319 scelus
847 2260 950 2337 agitur,
972 2268 1156 2345 amentiaque

284 2361 388 2420 officit:
403 2378 473 2419 suae
484 2361 577 2418 mulae
591 2359 782 2435 cogitationes
792 2360 1061 2441 conscientiaeque
1071 2363 1156 2427 enimi

286 2467 402 2522 terrent.
423 2464 478 2519 hue
493 2464 559 2518 sunt
578 2458 674 2533 impiis
694 2459 826 2517 assiduae
845 2460 1093 2541 domesticaeque
1107 2466 1157 2527 llu-

286 2562 364 2630 riue3
385 2577 457 2634 quse
470 2561 533 2617 dies
548 2563 705 2633 noctesque
718 2562 867 2632 pareutum
881 2575 996 2632 poenus
1010 2579 1030 2621 c
1044 2580 1158 2625 comere

288 2657 466 2714 leratissimis
478 2656 545 2714 tiliis
556 2662 697 2730 repetent.
738 2657 821 2714 Haec
835 2656 1011 2730 magnitudo
1024 2660 1159 2725 maleficii

288 2755 368 2823 iacit,
382 2760 422 2822 ut,
444 2755 501 2812 nisi
514 2771 607 2828 pseue
628 2755 809 2813 manifestum
830 2754 1020 2828 parricidium
1044 2763 1160 2837 prossus·

290 2860 344 2922 tur,
364 2854 503 2912 credibile
527 2855 659 2912 nonsit:
683 2854 739 2911 uisi
761 2852 848 2926 turpis
867 2854 1088 2929 adolescentie,
1111 2857 1159 2919 nisi

291 2954 423 3011 omnibus
434 2952 551 3026 flagitiis
566 2951 629 3008 vita
642 2951 800 3026 inquinate,
809 2950 865 3007 uisi
878 2959 992 3013 sumtus
1003 2957 1159 3019 effusieuu

293 3053 383 3122 probo
393 3056 478 3123 etque
492 3049 645 3115 dedecore,
659 3049 714 3106 nisi
726 3054 859 3126 promptu
869 3051 1006 3122 audacis,
1016 3056 1081 3117 nisi
1091 3060 1162 3119 tants

295 3148 451 3213 temeritas,
475 3149 508 3202 ut
529 3163 587 3202 nou
604 3149 702 3219 procul
720 3149 871 3205 obhorreat
884 3150 921 3207 ab
935 3147 1070 3214 insania.
1112 3156 1162 3215 Ae-

296 3247 383 3303 cedet
406 3246 461 3301 huc
484 3248 596 3317 oportet
617 3245 714 3302 odium
738 3245 874 3319 parentis,
900 3246 1162 3312 animadversionis

297 3348 434 3421 paternae
448 3347 550 3411 metus,
571 3342 658 3400 amici
671 3343 802 3417 improbi,
816 3344 895 3401 servi
908 3347 1036 3418 conscii,
1058 3356 1164 3427 tempu

328 3499 352 3533 ⁴³
366 3496 413 3545 rins
421 3497 596 3558 metopeesrmt]
622 3495 883 3555 Ed..lunt.porsint,ev
919 3497 1016 3557 ’Ἄπι
1032 3506 1118 3568 01³³ssoe
1136 3503 1166 3552 a

299 3562 368 3610 Rom.
379 3557 416 3603 Br.
430 3558 492 3603 148⁰.
503 3557 540 3602 sed
548 3559 638 3612 possunt
646 3571 722 3602 verum
732 3562 772 3603 est
796 3557 849 3602 Non
859 3556 918 3603 euim
991 3540 1168 3615 whaemq'fl

300 3613 480 3671 antecedentibus
485 3630 492 3674 ς
503 3615 541 3660 sed
551 3613 610 3660 dicte
619 3620 690 3660 sunte
699 3629 792 3676 persona
798 3614 919 3661 Ciceronis.

332 3693 471 3742 sselus‘ucn
505 3692 563 3763 tert]
593 3691 651 3739 Μὰ.
668 3707 700 3753 pr.
713 3693 823 3750 leuirtrt
840 3691 994 3761 Melicert
1011 3700 1069 3751 levi.
1102 3700 1171 3751 Vici*

302 3751 462 3816 [ineprimusd
491 3751 569 3798 'teleto
