2700 4675
433 535 518 641 (acu.
535 588 565 639 n.
582 587 680 639 urana
694 585 870 638 sumanus.
1030 589 1094 650 293

227 735 282 791 tur.
324 733 477 793 Heraclius
490 742 600 805 contra,
618 737 770 810 utjudices
784 754 802 792 e
816 736 881 808 lege
895 731 1094 805 Rupiliaden·

227 835 292 888 tur:
307 837 339 888 ut
347 833 383 888 ab
396 832 536 891 institutis
547 836 730 908 superiorum,
738 836 776 890 ab
786 831 957 889 auctoritate
970 836 1096 898 mustus,

228 930 266 985 ab
274 930 341 1000 jure
363 930 491 989 omnium
515 933 677 989 Siculomm
699 950 736 990 ne
750 933 909 988 recedatur.
949 929 1026 1002 Quid
1040 946 1095 1003 ego
1108 930 1147 991 16

227 1027 311 1084 istius
323 1026 345 1059 ⁴³
355 1029 385 1086 in
400 1029 467 1102 jure
480 1030 607 1088 dicundo
628 1030 779 1088 libidinem
791 1032 986 1087 demonstrem
1000 1026 1012 1087 ?
1031 1028 1095 1103 quis

228 1131 358 1183 vestrum
381 1145 440 1185 non
462 1145 500 1186 ex
513 1130 622 1186 urbana
629 1129 834 1201 jurisdictione
847 1125 1011 1202 cognovit?
1030 1127 1095 1202 quis

227 1240 371 1297 umquam,
395 1226 452 1284 isto
472 1233 611 1300 praetore,
636 1229 799 1286 Chelidone
812 1227 917 1295 invita,
930 1230 995 1300 lege
1008 1243 1095 1300 agere

227 1321 345 1394 potuit.l
367 1344 426 1383 non
440 1326 535 1394 istum,
548 1334 581 1384 ut
594 1344 653 1383 non
667 1327 824 1392 neminem,
837 1324 989 1397 provincia
1002 1341 1095 1380 corru-

228 1422 289 1494 pit:
309 1423 388 1482 idem
400 1424 462 1492 luit,
475 1427 526 1501 qui
545 1428 666 1483 Romae.
707 1425 782 1482 Cum
800 1424 839 1490 id,
854 1423 929 1497 quod
938 1438 1039 1478 omnes
1052 1420 1095 1477 in-

226 1521 407 1595 telligebant,
417 1526 530 1581 diceret
541 1523 757 1596 Heraclius,jus
770 1538 834 1579 esse
847 1528 958 1578 certum
978 1519 1094 1587 Siculis,

226 1617 302 1677 inter
312 1640 345 1677 se
355 1639 411 1696 quo
418 1623 484 1696 jure
499 1627 653 1690 certarent,
664 1624 758 1696 legem
769 1639 833 1678 esse
845 1620 1000 1692 Rupiliam,
1008 1603 1095 1694 quam

228 1716 262 1775 P.
278 1719 410 1792 Rupilius
423 1723 525 1780 consul
547 1722 584 1778 de
598 1723 702 1778 decem
715 1724 874 1795 legatomm
886 1718 1031 1776 sententia
1045 1720 1093 1775 de·

226 1816 335 1873 disset:
355 1821 410 1876 boc
424 1838 525 1877 omnes
538 1837 652 1892 semper
664 1821 697 1877 in
712 1821 816 1877 Sicilia
835 1821 969 1875 eonsules
983 1822 1094 1889 praeto-

227 1931 329 1988 resque
351 1934 501 1972 servasse:
522 1917 642 1988 negavit
655 1934 688 1971 se
704 1916 821 1987 judices
845 1932 863 1969 e
886 1916 951 1985 lege
976 1914 1094 1985 Rupilia

226 2013 401 2069 sortiturum.
422 2012 676 2084 quinquejudices‚
686 2030 755 2084 qnos
768 2012 950 2068 commodum
963 2009 1018 2081 ipsi
1031 2009 1094 2076 snit,

226 2109 318 2169 dedit.
357 2106 466 2179 ⁴⁴Quid
487 2109 542 2166 hoo
562 2108 680 2166 homine
701 2106 908 2182 laciaslquod
921 2107 1094 2180 supplicium

225 2209 347 2281 dignum
360 2207 475 2265 libidini
487 2208 549 2281 ejus
562 2205 720 2265 invenias?
740 2208 953 2280 Praescriptum
966 2206 1019 2264 tibi
1027 2224 1095 2263 cum

224 2312 311 2376 esset,
336 2308 422 2366 homo
441 2308 594 2368 deterrime
617 2313 647 2364 et
676 2307 934 2380 impudentissime,
960 2307 1094 2381 quemad·
1173 2337 1182 2349 ,

226 2410 344 2468 modum
362 2408 440 2465 inter
461 2406 700 2477 Siculosjudices
713 2406 811 2461 dares:
833 2422 899 2461 cum
913 2403 1093 2475 imperatoris

226 2507 326 2582 populi
341 2503 466 2562 Romani
489 2501 654 2567 auctoritas,
667 2502 826 2574 legetomm
846 2501 958 2567 decem,
972 2517 1093 2557 summo·

225 2621 289 2664 rum
305 2601 462 2667 bominum,
485 2598 620 2673 dignitus,
633 2599 922 2655 senatusconsultum
934 2597 1094 2655 intercede·

224 2707 281 2769 ret,
295 2700 376 2771 carius
385 2700 519 2755 consulto
532 2698 566 2754 P.
578 2697 711 2769 Rupilius
724 2699 761 2755 de
769 2697 799 2754 X
808 2699 966 2770 legatorum
978 2702 1093 2756 senten

225 2801 268 2860 tia
290 2803 369 2874 leges
389 2797 420 2853 in
436 2795 538 2853 Sicilia
551 2796 757 2853 constituerat:
778 2813 845 2853 cum
857 2812 957 2852 omnes
981 2803 1049 2854 ante
1063 2801 1092 2853 te

227 2905 400 2975 praetorem,
415 2894 548 2968 Rupilias
561 2896 642 2967 leges
656 2899 686 2950 et
699 2894 729 2951 in
741 2894 847 2950 ceteris
861 2894 944 2949 rebus
958 2901 988 2950 et
1008 2894 1038 2957 in
1047 2895 1093 2967 jn·

225 2998 312 3057 diciis
337 2994 463 3053 maxime
483 2995 704 3050 observassent:
725 2998 755 3049 tu
779 3009 863 3048 ausus
885 3009 916 3047 es
934 3010 986 3065 pro
998 2993 1093 3051 nihilo

223 3114 293 3173 prae
308 3103 357 3153 tua
371 3095 477 3168 praeda
488 3098 530 3152 tot
545 3111 589 3149 res
599 3091 795 3149 sanctissimas
809 3087 936 3148 ducere?
950 3091 1002 3149 tibi
1012 3095 1091 3152 nulla

225 3198 276 3252 lex
296 3190 373 3249 luitl
395 3194 474 3249 nulla
486 3189 609 3266 religio?
629 3193 723 3248 nullus
737 3189 960 3248 existimationis
975 3195 1064 3264 pudor
1077 3191 1090 3250 ‘l

223 3288 435 3363 nullusjudicii
449 3286 566 3345 metus?
586 3291 691 3346 nullius
711 3291 787 3363 apud
807 3294 836 3345 te
850 3290 945 3362 gravis
969 3268 1100 3348 auctori·¹

223 3439 1089 3559 „leaeinluminatumlustusamans:
1102 3472 1121 3478 ἱ·

222 3563 259 3610 la:
273 3559 331 3605 uude
340 3561 403 3628 patet
412 3556 435 3604 id
443 3555 532 3603 verbum
541 3571 589 3604 esse
597 3557 737 3618 adscriptum,
747 3559 866 3627 explicaret
876 3557 1008 3610 libidinem
1023 3567 1093 3614 quam·

223 3621 331 3668 inhaere
341 3616 396 3662 abbr
405 3615 474 3662 solam
484 3619 651 3661 commemorat.
667 3630 695 3661 en
703 3630 760 3677 quae
769 3620 804 3669 snt,
811 3631 833 3662 s.
846 3617 867 3662 in
877 3616 955 3662 Clare.

254 3699 276 3732 ⁴⁴
291 3697 355 3749 Quid
363 3696 416 3742 bule
424 3693 521 3764 ΜΛ]
552 3694 578 3739 ln
587 3693 644 3739 libro
653 3698 730 3740 vetere
737 3695 824 3741 luitboc
832 3696 926 3747 hunnine,
936 3690 994 3750 quod
1005 3688 1089 3750 recepit

222 3757 340 3807 Graevius.
357 3755 421 3801 bene.
437 3752 496 3802 Mox
510 3751 568 3801 dem
577 3752 687 3801 tuendus:
702 3768 743 3815 pro
752 3753 874 3808 aemma,
884 3765 906 3796 v.
917 3747 1021 3808 supraad
1034 3763 1054 3794 c.
1065 3753 1086 3795 7.

221 3817 260 3866 ubi
271 3814 327 3862 nihil
336 3812 439 3862 mutavit,

263 3915 397 3956 vomrv.
461 3888 463 3893 ’
591 3878 718 3952 ¹'27⁴¹‘
