2700 4675
232 570 298 615 m
558 545 783 604 fflmss'lo.

232 725 292 771 uec
308 706 349 769 ub
362 703 552 793 Grypbisns
569 710 673 771 1⁵40:
697 725 779 791 quse
793 713 828 770 et
850 705 920 793 ipse
939 726 976 772 se
994 707 1123 780 Viuo

232 791 349 858 risnsm
387 794 478 878 sequi
507 794 695 943 profitetur:
732 792 793 858 nisi
820 792 908 878 quod
937 790 1121 880 Ferratus,

233 878 387 943 verrinus
400 886 435 943 et
449 879 510 944 Phi
524 880 646 967 ‘ppicss
662 903 681 945 e
696 880 783 945 libris
800 880 964 945 veteribus
986 899 1027 946 se
1045 905 1122 951 corr·

155 1028 159 1036 ,
229 967 354 1029 rexisse
370 964 459 1027 dicit.
1109 975 1112 982 “

275 1049 391 1133 Neque
413 1069 492 1111 vero
507 1048 548 1112 de
561 1048 755 1114 editionibus
767 1049 1003 1137 Gryphium,
1024 1052 1114 1122 Um

231 1132 398 1219 Stephani,
413 1134 611 1211 Camerarii,
624 1131 744 1199 Paulli
759 1135 922 1214 Munutii,
938 1137 1024 1202 Sim.
1045 1139 1115 1205 00·

230 1217 343 1297 linaei,
360 1214 445 1285 Aldi
461 1222 612 1305 junioris
639 1219 748 1285 dicere
767 1221 897 1286 attinet:
930 1243 1005 1287 cmu
1030 1224 1114 1292 nihil

228 1308 357 1393 proprie
385 1307 540 1373 orationes
561 1306 599 1370 iis
615 1305 771 1374 debeant:
803 1308 881 1392 quid
896 1310 1114 1378 communitur

228 1414 301 1456 eum
316 1393 383 1458 eliis
398 1395 485 1459 libris
498 1392 677 1470 Ciceronis,
689 1414 740 1471 eo,
755 1413 851 1479 quem
865 1403 936 1459 unte
952 1394 1109 1475 diximum,

227 1477 310 1555 locu,
326 1480 570 1545 demonstratum
581 1486 649 1542 est:
672 1480 760 1564 quod
771 1486 806 1544 et
818 1480 860 1544 de
870 1479 1110 1550 mettense·

224 1564 322 1627 velet.
368 1566 456 1630 Inter
479 1565 551 1647 Gry.
574 1564 682 1628 hierus
705 1573 756 1629 est
780 1587 842 1630 uun
871 1587 900 1630 s.
928 1567 1022 1630 157⁰.
1048 1588 1105 1653 sq.

226 1648 320 1726 facts,
350 1649 402 1713 cui
429 1648 485 1714 Jo.
555 1650 618 1714 iob.-
646 1648 774 1715 Bneos
800 1652 957 1738 praefuit:
985 1663 1037 1716 'ox
1063 1674 1106 1721 oe

226 1733 324 1797 dueta
352 1743 403 1799 est
430 1735 528 1799 editio
557 1736 731 1800 orationum
757 1738 842 1802 iectu
865 1739 1027 1824 Antverp.
1044 1753 1101 1825 up,

226 1817 403 1885 Plautinum
425 1844 455 1885 a.
483 1827 577 1888 1584.
604 1827 635 1883 8.
662 1843 735 1885 eum
751 1822 977 1889 Bruttinotisr
1015 1845 1104 1908 quse

225 1905 353 1985 docent,
368 1929 440 1973 eum
464 1908 555 1975 nullis
570 1907 657 1973 libris
674 1909 801 1995 scriptis
826 1922 1015 2001 usum²esse,
1038 1898 1103 1976 ssd

224 1994 318 2059 modo
334 1998 533 2082 conjectures
547 1995 600 2060 uel
626 2016 699 2059 suus
714 1997 767 2061 vel
793 1996 923 2061 aliorum
939 1995 1104 2075 attulisse,

222 2087 258 2141 et
269 2081 429 2146 delectum
443 2103 501 2146 suo
520 2081 645 2167 judicio
659 2081 794 2147 iecisse:
827 2084 858 2147 in
872 2081 1101 2168 quoinprirnis

223 2164 352 2228 favebat
366 2166 541 2242 Lambin03
564 2167 649 2229 unde
664 2187 763 2252 saepe
784 2167 892 2233 durius
908 2165 1103 2253 occipitium

223 2248 398 2315 Gebhardo
420 2259 453 2316 et
469 2251 617 2316 Grutero.

269 2338 352 2404 Nam
363 2338 522 2406 Gruterus
533 2339 661 2426 quidem
675 2339 707 2404 in
723 2340 928 2406 editioneillu
940 2348 999 2404 s'us
1012 2338 1099 2403 cele»

223 2424 360 2493 berrima
385 2428 578 2494 orationibus
598 2425 771 2511 aequaliter
785 2449 858 2491 eum
876 2427 992 2492 ceteris
1006 2424 1094 2489 libris

157 2545 160 2549 ·
222 2517 366 2581 omnibus
381 2538 511 2602 opernm
526 2515 663 2591 neverit,
676 2536 751 2578 usus
768 2514 939 2579 codicibus
949 2507 1091 2596 egregffi.

223 2597 385 2664 Palatino
406 2601 549 2682 inprimis
574 2600 801 2676 antiquissimo,
818 2621 912 2682 quem
937 2599 988 2662 ille
1008 2591 1097 2660 dicit

222 2704 347 2757 nonum,
389 2703 420 2741 v.
437 2681 478 2739 ed
495 2679 553 2737 Or,
569 2696 628 2756 pro
653 2677 739 2735 Sall.
756 2685 804 2756 2.)
827 2683 1024 2763 lbsringien,
1040 2678 1097 2764 qni

217 2765 362 2828 (inuenio
413 2757 587 2843 {funereis
611 2761 673 2830 est,
690 2754 759 2816 sive
782 2759 889 2841 potins
905 2764 1097 2839 quibusdem

220 2839 811 3021 ttittttttitt,iiiiii
829 2840 1094 3004 ,iiiiirgiii

148 3094 153 3101 ⁴
222 3040 298 3084 usus
313 3027 372 3095 est,
385 3025 421 3082 ut
439 3038 536 3105 supra
546 3017 612 3102 jam
628 3016 823 3095 monuimns3
845 3010 1095 3080 iniectionibus·

245 3126 284 3168 ue
301 3105 486 3188 deligendis,
506 3105 596 3169 nimis
622 3104 697 3167 dum
722 3102 808 3167 libris
835 3099 1093 3187 quibusdnm'ud·

219 3126 326 3255 lictus
341 3200 403 3269 est,
418 3214 479 3256 non
504 3191 580 3254 sotis
604 3190 730 3271 elegans
756 3197 816 3266 est,
830 3190 922 3254 utin
937 3185 1093 3252 universis

219 3279 389 3362 operibusr
423 3279 464 3342 de
488 3297 551 3361 quo
575 3274 755 3340 Gruteriaui
778 3284 885 3341 textus
915 3274 993 3339 vitio
1012 3271 1092 3336 elibi

222 3364 371 3428 diximus.
416 3365 565 3429 Ceterum
581 3361 761 3426 Gruteriaui
776 3362 907 3426 nominis
924 3359 1092 3424 auctoritas

220 3450 308 3527 iecit,
324 3457 359 3513 ut
374 3458 480 3515 textus
495 3451 546 3514 ille
566 3448 739 3512 orationum
758 3449 895 3534 optimus
911 3446 1091 3522 haberetur,

218 3547 254 3604 et
280 3538 410 3624 mulget-i
437 3557 550 3600 nomon
586 3534 758 3598 obtinuerit
787 3535 828 3596 nd
853 3538 1090 3615 nostrumque

220 3632 373 3714 tempora,
385 3622 568 3711 praesertim
627 3618 1091 3705 stqusmetaJuo.iironooio

219 3715 374 3803 repetitus
401 3716 461 3795 est.
517 3707 562 3771 Et
614 3727 670 3770 nec
706 3708 834 3791 quidem
861 3709 902 3772 de
932 3702 1089 3788 exemplis

219 3803 394 3867 orationum
417 3796 627 3864 iuter-cetere
641 3791 807 3860 Ciceronis
818 3808 939 3882 opere:
974 3789 1088 3877 quibus
