2700 4675
232 555 273 613 50
609 538 733 591 onemo

229 693 278 761 lin,
304 691 355 768 qui
381 696 523 767 peterent,
536 707 575 749 ne
599 690 636 747 ed
664 689 776 747 Sullam
803 685 942 757 mitent,
974 694 1010 748 et
1033 688 1114 748 omui

231 793 462 867 Chrysogonum,
475 807 548 867 quoe
562 791 683 856 vellent,
697 803 761 843 erre
776 785 930 845 lucturum
947 790 1112 864 pollicerer

230 897 285 948 tur.
327 892 426 964 Usque
453 891 527 946 odeo
551 893 650 945 nutem
675 886 727 943 ille
750 882 964 958 pertimuerat,
992 893 1026 946 ut
1051 884 1109 946 moti

230 991 339 1056 mallet,
352 1004 438 1061 quum
451 988 487 1043 de
504 986 549 1042 hie
569 987 652 1042 rebus
675 985 787 1041 Sullam
807 982 925 1041 doceri.
975 986 1108 1045 nonne

230 1086 350 1160 antiqui,
362 1086 411 1160 qui
425 1104 463 1142 ex
476 1101 528 1141 uuo
541 1090 643 1141 nutura
655 1089 768 1141 ceteros
789 1083 953 1158 fingerent,
976 1104 1047 1145 eum
1065 1087 1105 1144 illo

229 1186 494 1251 uontirmureteeee
508 1199 613 1240 nomen
638 1183 708 1239 Sex.
732 1180 834 1238 Roscii
859 1182 900 1238 de
926 1185 1044 1244 tubulis
1065 1201 1106 1242 ex·

230 1289 380 1351 emturum,
394 1281 512 1357 praedia
534 1298 627 1339 voum
651 1280 713 1337 tilio
725 1279 918 1337 traditurum:
942 1280 1104 1358 eumqueil

230 1383 273 1442 itu
285 1384 410 1442 futurum
424 1383 464 1440 Τ.
480 1379 601 1439 Roeoiue
617 1378 732 1453 Cupito,
745 1375 793 1452 qui
812 1376 844 1434 iu
859 1379 891 1437 X
914 1381 1031 1455 legatis
1044 1384 1106 1447 erut,

230 1483 455 1555 appromitteret
468 1480 673 1538 crediderunt:
696 1474 846 1535 Ameriam
871 1494 903 1534 re
934 1479 1057 1539 inorata
1071 1497 1105 1537 re

231 1584 388 1636 verterunt.
432 1579 480 1636 Ao
494 1561 668 1649 primo'rem
691 1575 804 1632 differre
828 1575 966 1649 quotidie
990 1597 1027 1638 eo
1050 1595 1104 1654 pro

230 1677 388 1734 erautinare
411 1676 455 1733 illi
479 1680 654 1747 coeperunt:
675 1674 782 1731 deinde
803 1672 959 1747 eliquanto
984 1679 1103 1737 lentim:

229 1775 303 1833 nihil
318 1793 411 1849 ogere,
426 1779 512 1849 atque
526 1775 679 1830 deludere:
701 1777 844 1847 postremo
857 1768 903 1849 (id
915 1779 1001 1849 quod
1022 1777 1104 1835 tueile

229 1875 410 1933 intellectum
424 1871 482 1951 ert)
508 1872 628 1931 insidiae
653 1872 733 1929 vitue
752 1856 882 1944 ¹huJueue
912 1874 990 1933 Sex.
1005 1873 1103 1934 Roscii

228 1992 338 2049 perure,
351 1993 445 2051 neque
459 1993 522 2032 sese
536 1974 666 2031 arbitrari
681 1988 764 2046 posse
788 1969 896 2028 diutius
909 1973 1046 2032 alienam
1059 1991 1103 2049 pe·

181 2075 354 2152 locantem,
365 2074 483 2130 domiuo
504 2072 651 2138 ineolumi,
670 2070 810 2127 obtinere.
853 2070 941 2142 Quod
967 2072 994 2130 is
1019 2073 1102 2131 simul

230 2173 316 2239 utque
330 2171 431 2234 sensit,
446 2171 482 2223 de
502 2168 661 2224 amicorum
685 2172 930 2242 cognatorumque
958 2171 1105 2229 sententie

229 2264 353 2321 Romam
373 2263 512 2338 confugit,
538 2268 577 2320 et·
594 2282 658 2320 sese
686 2266 723 2320 ud
741 2263 763 2295 ¹⁷
773 2265 946 2334 Caecilium,
977 2269 1102 2345 Nepotis

229 2365 329 2434 liliam,
343 2381 427 2440 quam
441 2363 557 2420 honoris
571 2381 658 2420 eausa
669 2364 796 2432 nomino,
805 2365 938 2434 eontulit,
948 2386 1009 2442 qua
1021 2375 1104 2442 peter

228 2483 296 2524 usus
320 2470 383 2522 erat
408 2464 576 2538 plurimum:
597 2463 628 2519 iu
655 2480 712 2537 qna
732 2463 861 2529 muliere,
868 2463 1000 2534 Judieeu,
1013 2467 1102 2525 etium

229 2581 317 2633 nuno,
330 2565 361 2621 id
385 2566 460 2638 quod
480 2581 580 2620 omnes
605 2580 718 2635 semper
739 2559 996 2632 existimaverunt,
1019 2563 1102 2640 qumi

229 2661 358 2732 exempli
370 2677 467 2726 eausa,
481 2661 606 2733 vestigio
619 2660 730 2733 antiqui
743 2659 832 2716 officii
849 2668 1015 2719 remanent.
1057 2650 1102 2721 Er

230 2758 301 2816 Sex.
316 2757 455 2815 Roscium
468 2757 594 2831 inopem,
607 2757 733 2829 ejectum
746 2759 832 2814 domo
845 2767 931 2832 utque
941 2746 1103 2833 expuuun'

227 2874 268 2915 ex
282 2857 340 2915 suis
354 2856 447 2924 bonis,
460 2855 619 2931 lugientem
633 2858 776 2913 latronum
790 2858 849 2912 tela
873 2860 905 2912 et
928 2857 1037 2928 minue,
1059 2876 1099 2918 re·

228 2957 308 3028 oepit
320 2959 446 3021 domum,
459 2955 620 3026 hospitique
634 2971 770 3025 oppresso
790 2954 862 3027 jum,
886 2955 1099 3033 desperatoque

226 3054 264 3110 eb
278 3054 419 3119 omnibus,
432 3051 572 3123 opitulata
585 3055 638 3106 eet.
667 3050 738 3124 EJ‘ue
752 3053 868 3120 virtute,
881 3053 948 3120 fide,
970 3055 1097 3131 diligen·

227 3148 389 3206 tieseotum
413 3152 466 3214 est,
493 3151 524 3203 ut
551 3147 598 3204 hio
622 3149 717 3220 potius
741 3150 827 3207 vivus
848 3150 887 3231 in
906 3167 982 3220 reos,
1011 3170 1098 3229 quum

227 3246 341 3304 oooieue
353 3246 385 3304 in
398 3245 570 3320 proscriptos
584 3246 742 3305 referretur.
783 3249 812 3305 N
815 3265 861 3306 am
875 3256 1030 3325 postquam
1050 3252 1099 3312 uo

227 3403 304 3449 nutem
313 3403 354 3456 eet,
363 3401 460 3458 uttegure
469 3400 539 3448 alicui
548 3401 593 3448 dici
602 3402 673 3449 latine
683 3416 728 3449 non
736 3417 812 3464 posse:
829 3403 867 3448 red
878 3404 1003 3462 elegantius
1019 3407 1100 3455 abeue

227 3461 257 3510 iis
266 3458 372 3515 concedo,
387 3459 517 3519 praesertim
526 3475 575 3508 cum
584 3461 661 3524 paullo
670 3465 724 3508 unte
732 3463 762 3508 eit
770 3462 801 3506 ud
814 3475 853 3519 eos,
864 3476 908 3523 quo
917 3463 998 3510 referri
1014 3467 1099 3526 ntiqui

225 3523 308 3585 potest.
339 3516 444 3564 Ceterum
453 3521 525 3566 tounn
533 3522 613 3579 allegat
621 3521 650 3567 tu
664 3521 728 3567 abest
737 3521 772 3566 ed.
781 3521 869 3567 Junue.

255 3598 278 3633 ¹⁷
292 3595 571 3659 Caecilium‚Nepntissrl.]
603 3598 927 3655 lnsr.e.50.diciturNepotts
935 3609 1034 3660 serenet
1050 3605 1098 3653 Bu-
1136 3601 1140 3608 '

226 3655 348 3716 laricifil'
362 3669 391 3714 ‚n
407 3655 439 3701 ‘us
449 3654 558 3703 Baleariei
566 3657 763 3718 riliuuiuitNepos.
795 3657 921 3718 lnutroque
931 3659 990 3717 loce,
1005 3677 1097 3722 vereor,

227 3716 357 3764 ueistasint
366 3728 401 3774 ag
410 3712 555 3762 orsatoribue:
570 3729 674 3779 neceque
683 3720 732 3763 erat
741 3715 1005 3766 intulinarrnn'oueirtn
1021 3722 1099 3785 elogia

228 3772 521 3841 eloquentiorem.
