2700 4675
278 553 343 616 230
615 546 835 600 munnam.

278 698 316 754 ab
329 695 451 772 imperio
463 712 499 756 ac
511 696 630 756 nomine
648 703 745 756 nostro
758 690 919 754 volebant?
939 692 1052 764 ¹Video
1065 697 1151 771 enin,

279 801 361 854 etex
374 797 420 865 iis,
430 815 503 872 quae
513 798 572 873 legi
582 804 612 855 et
622 797 730 866 rudivi,
740 795 890 869 intelligo:
911 794 944 851 in
958 812 1017 869 qua
1028 796 1149 854 civitate

277 913 337 954 non
351 897 437 954 modo
457 898 569 970 legatus
583 897 682 970 populi
703 894 829 953 Romani
851 893 1074 963 circumsessus,
1088 911 1146 956 nou

276 995 362 1052 modo
381 994 453 1067 igni,
467 995 550 1061 ferro,
564 1011 659 1062 mauu,
670 994 763 1068 copiis
776 997 968 1067 oppugnatus,
982 994 1036 1050 aad
1050 993 1145 1067 siiqus

275 1109 314 1149 cx
334 1097 415 1164 parte
428 1092 553 1150 violatus
567 1092 620 1148 sit:
641 1092 699 1148 nisi
713 1092 828 1165 publice
846 1090 1031 1148 satisfactum
1049 1091 1097 1158 sit,
1116 1088 1146 1148 ei

275 1188 392 1247 civitati
406 1191 513 1248 bellum
526 1190 619 1247 indici
637 1195 724 1264 etque
737 1188 837 1246 inferri
850 1191 954 1246 solere.
996 1190 1082 1261 Quae
1094 1187 1145 1246 ruit

275 1289 363 1363 igitur
382 1306 480 1357 causa,
499 1306 551 1347 cur
570 1293 677 1347 cuncta
698 1287 805 1346 civitas
828 1290 1093 1360 Lampsacenorum
1107 1287 1143 1343 de

276 1388 429 1458 concione,
451 1390 690 1463 quemadmodum
710 1392 770 1444 tute
794 1386 907 1453 scribis,
928 1387 1040 1442 domum
1060 1390 1142 1440 tunm

276 1487 297 1520 ⁸⁹
308 1486 535 1545 concurrerent?
557 1488 607 1545 Tu
621 1490 700 1547 enim
718 1504 810 1561 neque
829 1486 860 1542 in
874 1484 987 1550 litteris,
999 1498 1069 1557 quas
1082 1482 1143 1538 Na·

275 1586 339 1643 roni
358 1587 459 1651 mittis,
473 1586 610 1660 usquein
630 1584 805 1652 testimonio,
818 1600 936 1641 causam
946 1583 1028 1650 ‚unu
1041 1582 1140 1638 tumul·

275 1687 321 1739 tus
334 1684 465 1740 ostendis
479 1686 584 1740 ullam:
605 1686 753 1740 obsessum
765 1689 793 1740 te
807 1682 891 1749 dicis,
904 1682 1004 1756 ignem
1015 1682 1140 1748 alianum,

275 1786 420 1838 sarmenta
443 1781 630 1850 circumdato,
660 1781 793 1839 lictorem
817 1786 898 1838 tuum
924 1780 1057 1837 occisum
1080 1793 1140 1835 esso

275 1879 359 1948 dicis,
379 1880 538 1953 prodeundi
558 1880 611 1937 tibi
624 1880 656 1937 in
675 1880 822 1953 pubiicum
841 1883 1017 1952 potestatem
1038 1877 1139 1934 iactam

275 1995 383 2053 negas:
404 1997 521 2037 causam
535 1979 618 2053 hujus
632 1978 708 2036 tanti
718 1978 832 2036 terroris
842 1979 982 2034 occultas.
1025 1977 1052 2034 N
1057 1994 1103 2033 am
1115 1972 1139 2031 si

275 2096 361 2151 quam
375 2079 500 2135 Rubrius
522 2078 656 2150 injuriam
669 2094 722 2134 suo
747 2076 875 2143 nomine,
888 2093 925 2132 ac
939 2093 1001 2132 non
1020 2075 1138 2148 impulsu

274 2179 324 2230 tuo
338 2179 369 2231 et
389 2180 439 2231 tua
451 2176 611 2248 cupiditate
633 2175 767 2245 iecisset,
787 2177 824 2232 de
845 2174 888 2231 tui
907 2173 1027 2231 comilis
1039 2170 1137 2246 injuris

271 2277 403 2347 questum
417 2274 452 2328 ad
467 2278 497 2329 te
511 2273 613 2345 potius,
627 2291 713 2347 quam
734 2279 764 2330 te
784 2277 982 2348 oppugnatum
998 2271 1135 2330 venirent.

272 2371 348 2430 Cum
356 2371 452 2446 igitur,
460 2390 533 2447 quse
541 2371 714 2430 causaiilius
724 2374 859 2430 turnultus
867 2371 1137 2439 suerii,testesauo·

271 2472 316 2529 bis
327 2473 456 2546 pmducri
463 2472 600 2539 dixerint,
610 2471 672 2545 ipse
685 2472 803 2528 celarit:
818 2488 915 2528 nonne
924 2489 1045 2529 causam
1056 2472 1136 2536 hanc,

272 2591 359 2646 quam
374 2590 427 2628 nos
448 2571 652 2644 proposuimus,
671 2575 732 2626 ium
755 2571 868 2627 illorum
889 2570 1066 2635 testimonia,
1080 2572 1135 2624 turn

218 2677 260 2737 32
270 2669 352 2725 istius
367 2669 547 2725 taciturnitas
570 2672 707 2742 perpetua
731 2665 902 2726 confirmat?
924 2668 1005 2725 Huic
1029 2662 1134 2723 homiui

270 2767 395 2839 parcetis
408 2765 503 2840 igitur,
519 2766 645 2838 judices,
666 2766 749 2840 cuius
772 2772 853 2824 tanta
875 2771 1002 2839 peccata
1019 2770 1093 2831 suni,
1105 2765 1134 2819 ui

269 2864 301 2933 ii,
319 2865 420 2940 quibus
444 2865 562 2939 injurias
585 2865 696 2932 iecerit,
719 2883 812 2939 neque
837 2865 1004 2939 legitimum
1027 2870 1134 2936 tempus

270 2970 443 3036 exspectare
457 2966 493 3021 ad
508 2963 715 3030 ulciscendum,
727 2981 819 3037 neque
833 2962 895 3020 vim
911 2968 1024 3020 tantum
1035 2958 1134 3019 doloris

269 3062 301 3117 in
324 3069 468 3132 posterum
490 3065 603 3122 differre
627 3060 792 3138 potuerint?
821 3062 1039 3119 circumsessus
1060 3074 1134 3119 eas

269 3156 391 3230 quibus?
411 3175 429 3214 a
451 3161 668 3231 Lampsacenis,
693 3145 818 3218 barbaria
841 3160 1018 3229 hominibus,
1042 3159 1135 3224 credo,

263 3260 319 3312 'aut
339 3254 384 3322 iis,
406 3257 454 3329 qui
473 3255 494 3288 ⁷⁰
503 3260 599 3330 popuii
626 3259 751 3316 Romani
772 3276 878 3316 nomen
902 3259 1132 3316 contemnerent.

268 3355 361 3413 Immo
374 3371 444 3411 vero
458 3357 495 3411 ab
513 3357 685 3426 hominibus,
698 3363 728 3414 et
742 3361 852 3423 natura,
866 3359 896 3411 et
914 3356 1134 3421 consuetudine,

267 3458 298 3514 et
316 3452 471 3525 disciplina
484 3455 656 3525 leuissimis3
678 3472 761 3528 porro
775 3460 871 3511 autem
884 3455 987 3527 populi
1005 3450 1135 3518 Romani,

296 3609 319 3681 {⁵⁰
333 3607 507 3711 mammii]
537 3609 574 3656 sic
582 3609 632 3656 cdd.
647 3624 681 3671 pr.
692 3613 716 3654 et
725 3608 773 3679 Ms.
784 3607 829 3656 (iu.
840 3606 900 3676 qupd
915 3611 979 3653 stare
988 3612 1076 3678 potcst3
1091 3606 1137 3652 mi

267 3682 326 3719 rrum
336 3666 490 3727 exemplaumr
501 3681 531 3722 rs,
538 3672 677 3730 restrtrutque
684 3667 800 3714 Graevius.
832 3667 880 3713 Alu
887 3673 1033 3713 conuerreret
1039 3666 1134 3713 edrdcrt·

297 3749 320 3781 ro
331 3763 379 3804 Μ),
391 3746 454 3793 Rom.
465 3759 546 3793 nmen*
554 3748 620 3809 eorm]
642 3747 687 3818 'Sic
696 3747 748 3793 edd.
754 3762 791 3850 Fr.
803 3749 827 3792 et
836 3745 884 3792 Ms.
893 3744 938 3792 Gu.
949 3759 995 3791 non
1003 3760 1052 3816 pp:
1060 3744 1136 3791 Ra*

265 3818 340 3863 num
354 3810 380 3851 ut
396 3810 430 3852 art
440 3805 601 3861 Hotomaunus,
612 3821 649 3867 qur
666 3807 689 3851 rd
700 3819 753 3867 prae
761 3805 845 3851 erebat.
877 3804 952 3851 Aldus
961 3818 1020 3852 vtro
1028 3818 1061 3851 ne
1073 3802 1137 3850 m

267 3864 349 3924 coepit,
358 3878 424 3926 quern
433 3878 462 3914 ne
471 3864 527 3913 fliius
536 3864 626 3926 quidem
636 3865 661 3912 P.
672 3865 741 3915 Man.
750 3869 836 3912 secutus
846 3867 886 3912 cst„
