2700 4675
254 546 315 604 160
556 536 590 586 ut
604 535 635 590 st
649 532 835 584 ossellum

250 687 307 744 hoe
337 685 393 744 sibi
425 684 633 758 amplissimum
662 681 948 758 pulcherrimumque
983 682 1128 740 ducebant

250 787 287 843 ab
315 784 474 859 hospitibus
506 783 718 858 clientibusque
750 780 819 848 suis,
838 780 876 836 ab
902 780 1020 838 exteris
1041 780 1127 839 natio

251 884 344 951 nibus,
371 901 445 958 quae
471 881 503 939 in
531 880 692 940 amicitiam
711 879 811 955 populi
830 878 960 936 Romani
979 879 1129 937 ditionem-

251 1001 306 1057 que
320 986 426 1047 essent,
446 979 567 1053 injurius
582 983 757 1053 propulsare,
769 995 930 1050 eorumque.
939 977 1071 1036 fortunas
1083 979 1127 1034 de·

251 1082 376 1137 tendere.
419 1076 463 1133 Μ.
478 1077 623 1134 Catonem
645 1076 727 1135 illum
744 1076 925 1149 Sapientem,
938 1076 1126 1134 clarissimum

252 1179 345 1235 virum
359 1184 388 1235 et
407 1178 668 1252 pmdentissimum‚
689 1194 756 1233 eum
770 1175 869 1233 multis
882 1192 992 1249 graves
1006 1174 1123 1233 inimici·

253 1278 307 1334 tius
331 1277 454 1351 gessisse
473 1277 649 1350 accepimus,
673 1280 790 1348 propter
818 1274 1029 1347 Hispanorum,
1053 1275 1123 1348 apud

253 1394 322 1451 quos
343 1378 444 1434 consul
467 1377 570 1443 tuerat,
592 1374 720 1449 injurias.
762 1375 865 1447 Nuper
884 1373 944 1430 Cn.
966 1375 1122 1432 Domitium

253 1475 360 1532 seimus
380 1476 420 1533 D.
434 1475 537 1532 Silano
556 1474 634 1531 diem
647 1473 757 1531 dixisse
772 1476 887 1545 propter
899 1471 989 1529 unius
1003 1473 1122 1531 hominis

201 1575 238 1632 21
254 1573 437 1645 Egritomari,
449 1572 563 1645 paterni
573 1572 661 1629 amini
674 1575 760 1645 utque
775 1570 906 1643 hospitis,
916 1555 1051 1644 ¹injurius.
1072 1572 1125 1628 Ne·

254 1688 308 1745 que
323 1669 402 1726 enim
421 1669 513 1741 megis
524 1670 636 1726 animos
659 1669 808 1750 hominum
822 1670 995 1727 nocentium
1009 1689 1055 1728 res
1069 1686 1123 1727 um·

254 1786 337 1844 quam
349 1770 408 1824 ulla
421 1767 588 1835 commovit,
602 1784 687 1841 quam
702 1768 776 1824 haee
786 1768 929 1842 mqjorum
939 1770 1123 1836 eonsuetudo.

255 1869 504 1943 longointervollo
515 1868 637 1941 repetite
649 1885 684 1923 ae
696 1870 805 1924 relata:
827 1868 974 1926 sociorum
989 1869 1124 1944 querimo-

255 1968 322 2026 niae
336 1970 450 2026 delatae
465 1969 500 2024 ad
515 1967 663 2024 hominem
677 1983 735 2023 non
747 1966 966 2032 inertissimum,
980 1973 1124 2042 susceptae

255 2070 292 2123 ab
306 2085 351 2131 en,
366 2067 415 2140 qni
430 2067 582 2123 videbatur
598 2083 696 2122 eorum
710 2065 837 2122 fortunas
848 2065 906 2122 tide
920 2065 1125 2141 diligentiaque

255 2181 306 2219 sua
318 2182 400 2234 posse
413 2164 577 2219 defendere.
620 2165 685 2220 Hoc
700 2164 804 2220 timent
815 2164 968 2222 homines:
984 2166 1042 2224 lroo
1056 2166 1125 2224 labo

256 2264 339 2316 rant:
361 2260 417 2315 hoe
438 2261 560 2328 institui,
585 2266 670 2335 etque
693 2263 767 2319 odeo
792 2262 960 2320 institutum
981 2264 1078 2322 rasead
1097 2278 1127 2320 ae

195 2387 204 2407 ·
256 2360 408 2446 renovari„
427 2361 548 2417 moleste
570 2360 673 2417 ferunt.
694 2366 796 2434 putent
820 2362 890 2429 lore,
913 2363 966 2430 uti,
988 2365 1015 2421 si
1041 2365 1127 2440 paulu·

255 2460 308 2518 tim
333 2461 406 2517 haee
438 2461 616 2516 consuetudo
637 2477 752 2531 serpere
780 2478 814 2517 ae
843 2461 959 2533 prodire
991 2462 1127 2537 eoeperit3
1170 2514 1173 2531 ,

255 2579 308 2632 per
328 2561 460 2616 homines
483 2559 700 2615 honestissimos
724 2559 857 2632 virosque
876 2559 1061 2629 fortissimos,
1075 2577 1125 2619 non

254 2655 404 2727 imperitos
426 2658 666 2722 adolescentulos,
681 2662 731 2713 aut
749 2658 909 2715 illiusmodi
930 2663 1124 2735 quadruplam

257 2770 312 2819 res,
333 2755 413 2827 leges
427 2753 595 2829 judiciaque
623 2755 865 2812 administrentur.
909 2758 1004 2832 Cujus
1018 2776 1126 2817 consue

258 2854 366 2911 tudinis
380 2858 465 2928 atque
480 2852 604 2910 instituti
619 2859 715 2925 putres
736 2854 916 2929 majoresque
941 2864 1057 2916 nostros
1077 2875 1127 2916 noa

257 2955 426 3028 poenitebat
452 2959 521 3020 tum,
549 2970 615 3011 oum
643 2953 676 3008 P.
693 2953 842 3019 Lentulus,
863 2952 898 3021 is,
923 2956 1127 3031 qur-princeps

258 3056 374 3108 senatus
401 3052 463 3117 luit,
486 3053 642 3107 accusabat
670 3050 723 3107 Μ’.
746 3051 919 3126 Aquinium,
941 3057 1128 3130 subscriptum

260 3149 296 3206 C.
311 3146 421 3203 Rutilio
436 3147 529 3203 Rufo:
544 3154 593 3203 aut
603 3166 671 3206 eum
686 3151 719 3206 P.
736 3150 902 3219 Africanus,
917 3153 1009 3212 homo
1020 3156 1126 3221 virtute,

258 3247 381 3309 fortuna,
395 3245 495 3316 gloria,
511 3247 594 3301 rebus
609 3249 698 3320 gestis
721 3249 924 3321 amplissimus,
944 3259 1128 3329 posteaquam

206 3420 208 3423 Ι
260 3343 304 3402 bis
318 3344 417 3399 consul
433 3347 463 3400 et
476 3361 578 3401 censor
586 3345 689 3415 luerat,
704 3349 740 3404 L.
757 3349 875 3405 Cottam
883 3348 916 3405 in
924 3349 1076 3422 judicium
1088 3369 1129 3409 vo·

260 3446 355 3506 esban
396 3442 467 3498 Jure
479 3449 538 3499 tum
547 3444 666 3501 florebat
676 3447 775 3520 populi
785 3447 911 3504 Romani
925 3467 1039 3510 nornen
1050 3475 1057 3510 :
1070 3452 1128 3526 jure

262 3542 417 3604 auotoritas
436 3542 518 3615 hujus
537 3542 660 3613 imperii,
673 3545 861 3620 civitatisque
875 3546 1027 3620 majestas,
1043 3551 1129 3629 grnu'u

262 3644 527 3703 habebatur.nemo
537 3640 691 3700 mirabatur
698 3644 729 3702 in
742 3643 883 3704 Africano
893 3645 956 3716 illo,
967 3653 1046 3726 quod
1057 3652 1086 3711 iu
1095 3667 1133 3709 ne

162 3816 167 3823 Ι
264 3763 352 3811 nrrno,
367 3742 484 3800 homine
509 3739 606 3815 parvis
633 3743 734 3814 opibus
749 3761 784 3800 no
797 3743 986 3806 facultatibus
1000 3750 1132 3825 praedito,

265 3839 400 3902 simulent
413 3860 477 3900 sese
498 3836 605 3906 mirari,
617 3855 685 3913 cum
698 3844 819 3901 moleste
835 3844 940 3904 lerant.
985 3848 1067 3924 Quid
1083 3847 1131 3909 dl
