2700 4675
451 559 521 610 ACT.
538 561 569 609 11.
584 561 682 610 LIBER
696 560 873 610 annulinus.
1038 566 1100 625 275

230 721 350 779 perere:
370 709 433 764 sola
451 709 504 766 luit
525 726 562 766 ea
579 711 636 767 lide
649 709 906 781 benivolentiaque
927 724 996 779 erga
1015 724 1101 781 popu·

231 807 292 861 lum
312 806 484 873 Romanurn,
504 813 537 863 ut
550 807 688 864 civitates
708 808 769 878 ejus
784 806 909 872 insulae,
925 822 998 878 quae
1012 805 1102 860 semel

230 900 283 960 ³in
305 904 466 961 amicitiam
490 911 616 961 nostram
643 906 804 970 venissent,
828 919 980 976 numquam
1003 909 1103 974 postea

231 1002 410 1059 deficerent:
433 1004 586 1077 pleraeque
608 1007 714 1069 autem,
735 1007 765 1058 et
786 999 913 1058 maxiine
932 1002 1056 1057 illustres
1070 1000 1102 1056 in

222 1100 367 1158 amicitia
387 1107 526 1175 perpetuo
544 1106 702 1158 manerent.
745 1102 846 1174 ltaque
862 1100 1017 1172 majoribus
1039 1117 1102 1155 nos·

221 1199 283 1255 tris
310 1198 342 1255 in
371 1199 501 1257 Africam
528 1218 566 1257 ex
594 1200 649 1257 hac
677 1199 828 1271 provincia
856 1200 959 1271 gradus
986 1197 1102 1270 imperii

231 1298 324 1354 iactus
344 1305 398 1354 est.
421 1297 614 1372 nequeenim
634 1304 694 1355 tarn
715 1298 802 1354 facile
822 1313 892 1368 opes
915 1296 1101 1368 Karthaginis

221 1398 330 1452 tantae
358 1397 564 1464 concidissent,
591 1395 647 1452 nisi
673 1396 746 1452 illud
772 1399 803 1450 et
829 1394 872 1449 rei
899 1392 1101 1449 frumentariae

222 1494 396 1561 -subsidtnm,
417 1500 446 1550 et
469 1496 685 1565 receptaculum
698 1492 839 1549 classibus
854 1491 958 1547 nostris
979 1494 1099 1563 pateret.

232 1592 328 1664 Quare
351 1593 385 1649 P.
413 1592 578 1658 Africanus,
604 1590 783 1665 Karthagine
806 1591 912 1655 deleta,
938 1589 1102 1646 Siculorum

223 1693 314 1749 urbes
333 1690 423 1764 signis
443 1690 693 1764 monumentisque
712 1689 912 1763 pulcherrimis
926 1688 1099 1745 exornavit:

222 1793 274 1855 ut,
287 1806 356 1862 quos
375 1788 497 1845 victoria
512 1789 610 1862 populi
625 1787 751 1845 Romani
765 1788 892 1844 maxime
906 1787 1008 1844 laetari
1028 1787 1101 1845 arbi·

222 1889 367 1954 trabatur,
387 1888 462 1959 apud
477 1903 527 1942 cos
546 1890 733 1942 monumenta
753 1884 895 1941 victoriae
908 1884 1030 1955 plurima
1043 1887 1101 1942 col·

222 1986 351 2041 locaret.
393 1982 528 2056 Denique
550 1982 601 2038 ille
623 1981 686 2053 ipse
713 1980 755 2036 M.
780 1980 947 2046 Marcellus,
967 1981 1050 2051 cujus
1070 1982 1101 2038 in

233 2081 339 2139 Sicilia
353 2080 490 2136 virtutem
504 2080 610 2144 hostes,
625 2077 852 2135 miscricordiam
866 2077 949 2144 victi,
959 2078 1101 2151 iidemque

224 2178 325 2237 ‘ceteri
348 2178 443 2235 Siculi
468 2183 685 2251 perspexerunt,
710 2194 768 2234 non
792 2179 885 2233 solum
908 2176 996 2234 sociis
1020 2178 1101 2234 ineo

223 2279 311 2337 betto
331 2276 483 2344 consuluit,
503 2276 706 2334 verumetiam
726 2276 866 2350 superatis
888 2275 1016 2332 hostibus
1031 2282 1101 2333 tem·

222 2377 357 2451 :peravitss
395 2378 504 2434 Urbem
519 2376 750 2449 pulcherrimam,
765 2376 934 2447 Syracusas,
946 2394 1021 2448 quae
1034 2393 1101 2433 oum

223 2492 318 2533 manu
340 2474 532 2532 munitissima
553 2477 639 2538 esset,
660 2479 721 2528 tum
745 2471 804 2527 loci
833 2476 943 2537 natura,
966 2477 1042 2528 terra
1065 2489 1101 2530 ac

229 2572 306 2632 mari
325 2573 521 2637 claudebatur,
542 2587 610 2626 cum
634 2569 666 2624 vi
687 2567 866 2641 consilioque
886 2568 1022 2640 cepisset,
1043 2586 1102 2627 non

220 2673 326 2728 solum
346 2668 521 2725 incolumem
540 2685 639 2740 passus
658 2671 790 2733 estesse,
811 2664 918 2723 sedita
931 2666 1046 2742 reliquit
1058 2687 1102 2727 or·

222 2774 343 2835 natam,
367 2772 399 2824 ut
419 2772 496 2823 esset
518 2766 596 2823 idem
611 2769 829 2821 monumentum
851 2764 1001 2834 victoriae,
1023 2785 1102 2825 man·

223 2866 406 2934 suetudinis,
427 2864 649 2922 continentiae:
672 2880 738 2919 cunr
763 2861 895 2917 homines
909 2863 1052 2932 viderent,
1072 2872 1102 2924 et

232 2966 301 3041 quid
333 2969 537 3039 expugnasset,
566 2967 596 3020 et
626 2961 729 3036 quibus
757 2960 942 3033 pepercisset,
966 2967 996 3018 et
1029 2982 1102 3038 quae

233 3064 404 3138 reliquisset.
430 3070 542 3122 tanturn
566 3062 616 3119 ille
637 3062 776 3118 honorem
798 3057 919 3116 Siciliae
937 3060 1101 3124 habendum

233 3163 356 3236 putavit,
380 3167 468 3220 utne
492 3162 617 3220 hostium
635 3159 752 3235 quidem
775 3159 876 3215 urbem
900 3177 938 3217 ex
959 3163 1101 3222 sociorum

232 3258 331 3316 insula
352 3260 509 3316 tollendam
523 3261 715 3317 arbitraretur.
758 3259 858 3330 ltaque
881 3260 916 3315 ad
936 3278 1036 3320 omues
1055 3284 1100 3322 res

235 3354 341 3415 Sicilia
365 3354 516 3427 provincia
535 3374 648 3429 semper
667 3356 712 3413 usi
729 3373 835 3423 sumus,
855 3361 895 3424 ut,
914 3362 1047 3436 quidquid
1062 3383 1101 3420 ex

232 3471 300 3514 sese
314 3457 410 3526 posset
423 3452 533 3521 efferre,
546 3453 576 3511 id
592 3472 651 3511 nou
669 3455 744 3526 apud
759 3471 808 3510 eos
830 3456 920 3525 nasci,
938 3461 988 3516 sed
1002 3459 1101 3517 ⁴domi

264 3607 276 3640 ³
290 3606 317 3653 tn
325 3621 369 3652 um.
379 3621 403 3652 aa
415 3606 531 3668 sudumst]
541 3606 581 3653 int.
597 3621 636 3654 sua
645 3609 724 3667 sponte
732 3619 757 3651 se
766 3606 891 3667 applicuere
901 3611 930 3655 ad
941 3625 986 3665 nos,
1000 3615 1026 3656 ut
1035 3625 1102 3671 quae·

232 3667 285 3717 dam
296 3665 399 3711 civitates
407 3664 497 3711 Siciliae
506 3665 568 3712 bello
578 3666 661 3713 Punico
688 3664 745 3711 rimo
754 3666 838 3713 terere:
849 3682 906 3736 quae
916 3674 1041 3729 sequuntur,
1051 3678 1101 3717 sunt

231 3727 307 3781 victae
315 3729 338 3769 et
348 3723 370 3769 in
379 3728 511 3784 potestatem
517 3725 628 3782 redactae,
637 3727 662 3771 ut
798 3726 894 3780 murae,
902 3729 1102 3786 quaapermuoeime

232 3786 333 3831 illustras
343 3781 454 3840 intelligit.

263 3861 442 3910 *bunnam
452 3861 583 3924 onum}
613 3861 636 3910 lt
654 3860 702 3911 Mu.
719 3861 812 3923 antiqno
824 3860 1040 3923 addiderenounulli
1054 3883 1104 3916 cun
