2700 4675
277 583 342 647 822
617 582 811 635 iuvandum

276 743 375 784 morae
387 727 497 796 luisset,
506 746 566 804 nuo
579 729 674 788 minus
688 732 717 789 ei
730 730 856 806 pecnnia
869 730 922 786 illa
935 729 1145 785 numeraretur.

276 826 323 884 Ea
336 833 521 903 posteaquam
535 838 684 888 numerata
694 837 906 898 est,contentns
920 830 975 885 bac
988 825 1144 899 iniquitate

276 927 425 984 nonfuit:
446 931 543 1001 palam
561 931 598 986 de
620 932 694 986 sella
717 946 752 986 ac
772 928 909 985 tribunali
931 921 1107 998 pronuntiat,
1121 936 1148 975 sr

278 1040 350 1088 avis
364 1042 529 1083 susannam
550 1016 712 1084 sannarum
734 1045 787 1084 ana
811 1042 973 1082 csrrnsnrs
998 1037 1082 1079 annu
1096 1035 1150 1073 nu·

278 1138 357 1178 enan
378 1140 513 1190 vannus,
536 1142 611 1181 snsn
634 1143 705 1181 nave
728 1142 838 1181 nouam
862 1136 1092 1180 anonumum:
1119 1110 1151 1170 et

278 1218 373 1287 simul,
392 1226 425 1277 ut
445 1223 483 1277 ad
504 1240 621 1278 causam
644 1224 807 1290 accederet,
829 1237 991 1292 nomenque
1012 1216 1151 1279 deferret,

282 1318 473 1390 Agathinum,
498 1336 606 1376 novum
629 1321 745 1376 affinem
765 1324 851 1393 atque
875 1317 1028 1390 hospitem,
1049 1310 1154 1384 coepit

281 1416 398 1474 hortari.
434 1418 514 1474 'l'um
528 1418 578 1474 ille
592 1420 680 1485 clare,
692 1419 823 1474 omnibus
834 1415 1027 1479 audientibus,
1037 1428 1106 1467 sese
1121 1408 1151 1465 id

280 1530 340 1571 non
355 1532 418 1571 esse
432 1515 582 1582 iacturum,
601 1534 695 1589 neque
715 1533 747 1571 se
770 1512 914 1588 usquead
939 1509 1064 1567 Sthenio
1087 1522 1152 1563 esso

280 1611 477 1679 inimicum,nt
486 1632 552 1670 eum
564 1613 605 1669 rei
615 1614 749 1686 capitalis
758 1613 872 1668 affinem
882 1628 945 1666 esse
956 1608 1077 1665 diceret.
1094 1604 1152 1673 ¹llic

279 1712 341 1768 lum
361 1715 481 1781 repente
496 1711 624 1767 Pacilius
640 1711 765 1784 quidam,
788 1711 875 1766 bomo
897 1725 987 1781 egens
1012 1709 1045 1761 et
1064 1700 1151 1769 levis,

280 1807 405 1864 accedit.
420 1807 470 1875 ait,
481 1807 625 1875 siliceret,
639 1825 746 1864 nomen
754 1805 886 1863 absentis
894 1806 1006 1861 deferre
1017 1821 1049 1859 se
1061 1796 1151 1859 velle}

282 1906 342 1962 Iste
364 1924 444 1974 vero,
457 1911 488 1963 et
501 1905 599 1973 licere,
613 1911 644 1962 et
657 1905 719 1962 lieri
732 1907 835 1970 solere,
854 1908 884 1960 et
905 1921 937 1959 se
958 1906 1151 1974 recepturum.

283 2004 379 2078 itaque
400 2005 533 2061 defertur.
556 2003 646 2060 edicit
669 2003 776 2070 statim,
790 2007 822 2058 ut
836 2001 977 2058 Kalendis
992 1999 1152 2055 Decembr.

283 2103 359 2159 adsit
374 2103 514 2159 Sthenius
530 2102 692 2174 Syracusis.
734 2102 802 2168 Hic,
816 2100 864 2174 qni
879 2100 1002 2156 Romam
1014 2096 1159 2164 venisset,

283 2200 409 2272 satisque
418 2199 542 2258 feliciter
549 2199 619 2255 anni
623 2200 688 2271 jam
698 2201 822 2255 adverso
833 2203 962 2270 tempore
976 2195 1153 2269 navigasset,

281 2297 436 2372 omniaque
460 2297 608 2355 habuisset
631 2298 767 2372 aequiora
791 2302 822 2355 et
845 2295 1043 2370 placabiliora,
1067 2309 1153 2370 quam

282 2396 410 2453 animum
424 2397 561 2469 praetoris
575 2402 661 2470 atque
674 2396 805 2470 hospitis,
819 2413 880 2454 rem
900 2397 937 2452 ad
957 2394 1067 2468 amicos
1088 2409 1154 2450 suos

283 2495 400 2552 detulitz
413 2493 521 2567 ¹¹qune,
529 2499 561 2550 ut
573 2499 656 2551 erant
669 2497 774 2551 acerba
783 2500 868 2568 atque
878 2473 1008 2566 indigna,
1019 2492 1063 2549 sic
1074 2491 1155 2547 vide·

231 2584 273 2643 39
285 2596 388 2651 bantur
400 2592 542 2649 omnibns.
584 2594 685 2666 ltaque
696 2593 727 2648 in
738 2596 839 2648 senatu
853 2591 993 2648 continno
1007 2590 1064 2647 Cn.
1076 2591 1153 2647 Len·

284 2694 360 2749 tulus
382 2695 412 2746 et
435 2691 471 2747 L.
487 2689 601 2746 Gellius
621 2693 755 2746 consules
768 2690 879 2746 faciunt
893 2689 1083 2755 mentionem,
1094 2689 1153 2760 pla·

283 2806 351 2846 cere
372 2789 469 2856 statui,
488 2787 514 2844 si
536 2787 662 2861 patribus
684 2774 856 2859 conscriptis
876 2786 1032 2854 videretur,
1046 2803 1088 2842 un
1102 2801 1153 2842 ss·

286 2905 405 2945 sanans
419 2904 560 2943 nouimus
584 2903 615 2942 m
636 2903 809 2942 rnovmcns
823 2903 876 2942 ans
891 2901 1028 2941 mannan
1048 2898 1153 2940 annuns

285 3003 484 3042 csrmsnrvu.
506 3003 624 3041 causam
644 2984 759 3041 Sthenii
773 2989 872 3051 totam,
886 2988 917 3039 et
934 2982 1018 3041 istius
1032 2979 1155 3038 crudeli·

283 3086 374 3138 tatem
403 3088 434 3138 et
467 3081 649 3154 iniquitatem
669 3089 801 3139 senatum
820 3083 936 3139 docent.
991 3081 1107 3138 Aderat
1125 3079 1166 3137 in¹

283 3183 385 3233 senatu
409 3179 526 3243 Verres,
550 3184 632 3250 pater
654 3178 747 3246 istius,
772 3186 802 3237 et
825 3182 898 3238 flens
922 3179 1166 3254 unumquemque

282 3279 445 3333 senatorem
459 3275 587 3347 rogabat,
597 3280 629 3331 ut
639 3275 700 3333 lilio
713 3294 766 3334 sno
776 3284 924 3352 parceret:
944 3295 1041 3353 neque
1054 3283 1155 3335 tamen

283 3378 404 3434 multum
443 3374 619 3448 proficiebat
662 3384 724 3435 erat
758 3379 837 3436 enim
874 3396 986 3436 summa
1018 3379 1154 3436 voluntas

281 3470 409 3544 senatus.
457 3473 558 3547 ltaque
584 3476 749 3534 sentcntiae
775 3477 956 3545 dicebantur,
978 3493 1042 3533 cru
1065 3491 1158 3534 nunn-

282 3591 354 3632 urvo
379 3589 492 3631 uenus
513 3591 591 3630 nnvs
619 3592 732 3633 nsnnvs
759 3591 858 3643 nssnu,
879 3593 923 3634 nn
944 3569 1089 3632 snsuuun'
1113 3591 1156 3634 sv-

311 3728 332 3761 ¹¹
345 3742 408 3788 qums,
418 3731 444 3774 ut
458 3733 521 3776 mart
534 3726 579 3784 nc]
610 3727 727 3777 Praecedit
741 3741 792 3775 sss:
808 3729 883 3789 ltaque
892 3726 981 3774 videtur
990 3727 1120 3786 legendum,
1129 3731 1157 3774 sl

282 3786 422 3893 :tow
429 3786 546 3839 ababuc
554 3785 664 3836 omnibs
696 3785 761 3836 Ferri
769 3786 1108 3849 vulpam-utrumquem
1116 3783 1161 3836 sest
