2700 4675
268 561 333 620 ω
605 553 797 604 iuvenum

267 701 451 771 arbitrabere,
462 703 603 779 siquibus
611 704 763 779 pecuniam
774 702 926 770 credebas,
936 701 977 761 iis
985 720 1151 779 expensum

267 820 327 860 non
341 802 437 870 ferres,
448 820 541 877 neque
551 803 654 860 intuns
663 804 875 861 tabulesuiium
889 819 1002 860 nomen
1018 805 1148 873 resenas,

267 917 335 970 cum
357 906 401 958 tot
425 902 479 959 tibi
501 902 665 960 nominibus
685 905 837 974 acceptum
860 900 960 958 Curtii
983 900 1148 960 referrent?

269 998 346 1071 Quid
359 1001 492 1071 proderat
505 1000 568 1067 tibi,
579 1004 609 1055 te
623 1015 783 1073 expensum
792 998 851 1055 illis
866 1016 927 1056 non
942 998 1067 1058 tulisse?
1087 1002 1140 1059 An

265 1098 322 1156 tuis
335 1097 404 1154 solis
418 1097 521 1154 tabulis
532 1102 561 1154 te
571 1113 690 1154 causam
702 1097 846 1154 dicturum
861 1096 1062 1156 existimasti?

213 1183 256 1242 ⁴⁰
304 1194 335 1227 ¹⁰⁰
343 1196 454 1253 Verum
467 1197 504 1252 nd
526 1196 608 1253 itiam
622 1194 686 1269 jem
701 1195 852 1251 veniamus
866 1198 1048 1268 praeclarum
1062 1214 1140 1269 prse-

266 1299 368 1363 tmnm,
381 1295 558 1370 criminaque
572 1312 617 1362 en,
641 1310 715 1369 quae
729 1293 843 1349 notiora
857 1299 927 1351 sunt
953 1295 1007 1359 bis,
1020 1294 1068 1367 qni
1090 1295 1140 1350 nd·

267 1400 343 1462 sunt,
356 1411 441 1469 quom
455 1393 547 1461 nobis,
560 1393 609 1469 qui
622 1392 754 1450 meditati
767 1393 805 1448 sd
822 1391 978 1449 dicendum
987 1391 1137 1464 penuque

267 1493 418 1550 venimus:
440 1494 471 1550 in
504 1493 605 1567 quibus
635 1509 695 1548 non
718 1489 826 1556 dubito,
853 1490 925 1565 quin
947 1488 1137 1547 offensionem

265 1590 462 1664 negligentiae
478 1591 571 1648 vitare
584 1595 670 1663 atque
684 1590 809 1662 effugere
823 1606 882 1645 non
896 1588 1014 1661 possim.
1048 1586 1137 1646 Multi

266 1687 345 1745 enim
355 1687 396 1743 ita
406 1686 524 1756 dicent;
545 1685 578 1742 de
590 1685 640 1743 ino
652 1684 726 1743 nibil
739 1685 818 1754 dixit,
832 1684 863 1742 in
874 1703 929 1762 quo
941 1702 993 1760 ego
1006 1683 1138 1761 Mesene

264 1782 764 1862 illuminjserinmnonnttigit,pnae
782 1782 862 1852 oniti,
883 1790 934 1841 nu
954 1800 1027 1859 punc
1050 1771 1137 1841 mmor

265 1884 412 1962 meosaotc
429 1891 478 1953 est,
492 1882 592 1961 poium
605 1900 656 1959 ego
669 1881 701 1939 in
714 1882 798 1941 rebus
810 1880 935 1960 incepit&
977 1883 1033 1939 His
1047 1882 1136 1940 omni·

265 1986 327 2053 bns,
338 1985 387 2059 qni
399 1984 480 2042 istius
491 1984 610 2059 injurios
624 1989 738 2050 norunt,
749 1984 805 2039 boc
819 1987 872 2049 est,
887 1982 994 2055 populo
1004 1981 1135 2040 Romano

263 2085 408 2151 universo,
423 2103 469 2142 me
482 2086 671 2141 vehementer
685 2087 854 2141 excusatum
865 2084 944 2149 volo,
965 2099 1025 2139 uon
1045 2080 1133 2156 negli-

263 2182 362 2255 gentia
377 2199 442 2238 men
455 2183 524 2248 fore,
544 2187 576 2237 ut
590 2184 680 2239 multe
701 2187 889 2255 praeteream,
902 2182 953 2238 sed
980 2183 1056 2256 quoti
1076 2180 1132 2238 niis

264 2279 383 2338 testibus
391 2279 505 2352 integra
521 2280 662 2335 reservari
676 2282 777 2349 veiim,
791 2282 881 2338 muita
901 2284 1001 2338 eutem
1022 2285 1132 2354 propter

264 2379 405 2437 rationem
419 2378 569 2435 brevitatis
594 2396 628 2436 uc
653 2380 790 2452 temporis
804 2379 1061 2452 praetermittenda
1079 2396 1127 2437 ex·

263 2482 399 2540 istimem.
438 2479 587 2537 ¹Fatebor
599 2479 687 2536 etiam
702 2480 773 2536 iliud
794 2478 915 2547 invitus,
941 2496 990 2536 me
1012 2495 1127 2553 prorsus,

262 2597 329 2636 curn
343 2581 399 2636 iste
413 2585 551 2651 punctum
571 2578 707 2652 temporis
729 2580 838 2634 nuiium
864 2594 993 2635 vacuum
1013 2584 1130 2651 peccalo

262 2676 417 2749 praeterire
432 2696 530 2748 passus
552 2679 599 2745 sit,
613 2676 719 2744 omnia,
743 2695 816 2750 quse
840 2678 877 2732 ab
899 2676 958 2733 isto
981 2676 1129 2734 commissu

262 2779 337 2842 sunt,
348 2792 405 2832 non
420 2776 546 2848 potuisse
559 2792 744 2850 cognoscere.
787 2776 971 2848 Quapropter
981 2777 1023 2833 itu
1037 2792 1083 2834 me
1094 2775 1128 2830 dc

261 2880 411 2948 praeturae
426 2875 592 2933 criminibus
607 2874 743 2940 auditote,
757 2879 789 2929 nt
808 2891 847 2930 ex
872 2880 996 2946 utroque
1017 2890 1126 2948 genere¹

262 2975 369 3043 etjuris
381 2975 509 3042 dicundi,
520 2980 550 3031 et
559 2981 698 3031 senorum
712 2977 853 3028 tectorum
863 2972 1084 3046 exigendum,
1095 2986 1127 3029 en

261 3071 420 3139 postuletis,
439 3071 533 3145 'quae
547 3073 674 3130 maxime
688 3071 776 3145 digna
786 3071 844 3127 sint
857 3087 895 3126 eo
916 3084 981 3139 reo,·
999 3072 1049 3128 cui
1072 3086 1126 3144 ptr·

260 3221 300 3263 ant
309 3219 360 3287 potis
369 3221 483 3267 arbitrari.
514 3222 605 3281 conjeci
615 3227 702 3273 stnim:
718 3225 756 3272 sed
766 3239 809 3272 uon
824 3222 945 3270 nunaut:
962 3239 1005 3272 nee
1019 3225 1080 3272 alind
1093 3237 1125 3269 oe·

260 3282 328 3324 cnrrrt
337 3278 490 3326 deserentibus
500 3280 568 3327 libris.

290 3359 320 3393 ¹⁰⁰
337 3357 421 3406 Verum
442 3359 471 3406 ad
489 3359 564 3412 iilum,
582 3360 634 3423 ete]
666 3362 709 3410 Est
732 3361 828 3410 imitatio
847 3360 909 3407 belin
930 3359 1125 3410 Demoeumirts

259 3417 367 3464 Midinna
377 3434 398 3478 p.
409 3421 445 3463 99.
456 3419 492 3465 ed.
505 3419 572 3476 Tuyl.

288 3499 297 3529 ¹
312 3497 404 3543 Fatebor
421 3496 486 3542 enirm
497 3499 559 3544 iliud
571 3498 665 3554 incitus,
675 3501 729 3604 etei}
770 3499 816 3545 Gur
825 3498 932 3546 snmus?
949 3499 1050 3547 Dirdsset
1068 3501 1127 3552 nuit,

258 3571 391 3661 &impsum
399 3555 492 3601 incitus.
510 3557 600 3627 Sennis
614 3557 699 3627 ophite,
730 3558 839 3628 icernnem
849 3558 964 3618 scripsisse
973 3558 1125 3624 bandinum}

286 3617 332 3663 ostri
340 3619 364 3661 et
372 3614 433 3661 uzon
442 3615 544 3662 confundi
552 3632 575 3662 ιη
585 3617 646 3662 lrbrn
653 3632 700 3674 Janr
707 3616 737 3663 ab
745 3617 795 3663 abrs
804 3618 908 3663 notatum
917 3622 961 3675 est,
972 3623 1000 3665 ut
1007 3632 1074 3679 cupre
1080 3614 1127 3662 ‹in-

258 3689 306 3722 mus

287 3752 554 3824 immanem]
583 3750 1126 3816 usurnumteremmpupmmrd

257 3808 322 3857 nirnn
331 3817 433 3862 vinosum
443 3817 482 3861 est
