2700 4675
279 550 344 613 350
617 541 810 593 ursanum

278 697 366 767 stque
378 690 453 750 aueo
472 692 571 764 aperte
584 693 750 762 ostendunt,
761 709 827 749 sese
840 690 877 748 ad
898 692 1008 749 statuas
1021 693 1085 748 tuas
1098 707 1146 764 po·

279 789 396 849 suniam
407 795 484 847 metu
498 806 533 845 ac
543 791 620 847 melo
632 796 761 858 coactos,
772 788 962 847 invitissimos
976 788 1143 846 contulisse.

279 888 369 962 Quid,
382 888 407 945 si
422 889 477 945 hoc
489 905 548 945 nou
561 887 661 945 dicant
675 885 688 945 i
707 887 760 944 tibi
774 903 834 945 nou
847 897 968 946 necesse
991 886 1031 943 sit
1043 883 1099 959 ipsi
1111 886 1143 943 id

277 984 432 1045 confiteri?
451 986 539 1053 Vide,
553 990 583 1042 et
597 985 738 1060 perspice,
759 1002 815 1059 qua
838 983 1007 1042 defensione
1020 984 1060 1041 sis
1079 1001 1142 1041 usu·

277 1101 334 1143 rus.
360 1102 427 1142 uam
450 1084 605 1158 intelliges,
619 1085 674 1141 hoc
687 1083 740 1141 tibi
761 1085 798 1141 de
822 1083 925 1141 statuis
947 1083 1142 1141 confitendum

221 1185 265 1244 sl
278 1200 351 1241 ssse.
392 1183 468 1241 Mihi
482 1181 561 1239 euim
574 1182 763 1250 renuntiatur,
776 1181 818 1240 ita
832 1181 1000 1241 constituis
1014 1182 1070 1239 tuis
1094 1198 1142 1254 pa·

278 1281 379 1348 mnis,
392 1280 555 1338 homiuibus
568 1281 738 1354 ingeniosis,
750 1298 868 1339 causam
888 1286 974 1348 mam,
988 1285 1018 1336 et
1036 1279 1078 1336 ita
1091 1296 1142 1336 eos

276 1380 330 1438 sbs
344 1384 374 1436 te
387 1379 499 1438 institui
512 1383 541 1436 et
556 1380 671 1438 doceri:
695 1380 858 1456 utquisque
871 1397 909 1436 ex
930 1377 1079 1452 provincia
1094 1377 1141 1434 Si·

277 1476 349 1536 cilia
359 1477 474 1550 gravior
488 1480 574 1535 homo
587 1484 674 1554 alque
688 1479 836 1537 honestior
846 1475 1040 1535 testimonium
1052 1475 1141 1530 vehe-

275 1576 404 1633 mentius
417 1576 533 1643 dixerit,
546 1577 634 1634 sieuti
644 1576 737 1634 Siculi
751 1576 833 1634 multi
848 1573 975 1648 primarii
985 1571 1042 1629 viri
1052 1574 1143 1630 multa

274 1672 421 1738 dixerunt,
435 1678 464 1729 te
478 1675 575 1730 statim
590 1675 646 1730 hoc
660 1674 724 1730 istis
745 1673 801 1729 tuis
815 1673 1012 1729 defensoribus
1025 1671 1141 1729 dicere:

274 1765 405 1826 sunaus
424 1776 466 1826 est
485 1775 639 1845 propterea.
660 1768 737 1845 quod
754 1775 852 1826 arator
865 1773 915 1824 est.
956 1769 1060 1843 ltaque
1084 1786 1143 1828 uno

275 1885 393 1942 genere,
412 1868 525 1940 opinor,
553 1864 574 1898 ⁶⁷
587 1866 823 1924 circumscribere
846 1865 961 1922 habetis
989 1865 1021 1924 in
1045 1867 1143 1925 animo

277 1983 369 2040 genus
392 1969 449 2022 hoc
463 1970 615 2032 aratorum,
629 1967 704 2040 quod
729 1983 778 2022 eus
799 1964 913 2021 intenso
936 1966 1038 2022 animo
1057 1973 1142 2042 atque

276 2063 398 2123 inimico
424 2065 539 2121 venisse
553 2064 667 2130 dicatis,
691 2044 759 2139 quia
780 2063 864 2120 ruem
885 2063 916 2120 in
939 2064 1067 2122 decumis
1087 2065 1142 2122 iste

277 2163 489 2220 vehementior.
530 2162 608 2234 Ergo
627 2166 762 2228 aratores,
786 2160 897 2218 inimici
919 2179 1028 2230 omnes,
1042 2165 1143 2220 adver

276 2259 346 2315 sarii
373 2264 448 2315 sunt.
471 2277 556 2314 neruo
582 2264 744 2322 eorumest,
758 2257 827 2333 quin
849 2259 958 2331 perisse
983 2264 1011 2317 te
1032 2262 1140 2335 cupiat.

278 2357 406 2415 Omnino
420 2359 566 2430 praeclare
589 2361 618 2412 te
632 2358 731 2424 habes,
744 2374 811 2414 cum
825 2357 850 2414 is
861 2360 931 2414 ordo
944 2365 1027 2433 atque
1039 2359 1068 2415 id
1092 2376 1141 2434 ge·

277 2472 333 2515 uus
356 2455 514 2519 hominum,
537 2456 614 2529 quod
638 2455 777 2527 optimum
804 2461 888 2531 alque
910 2457 1141 2517 honestissimum

278 2560 333 2622 est,
347 2572 364 2610 a
377 2573 433 2629 quo
453 2571 511 2611 uno
524 2559 554 2610 et
567 2570 679 2609 summa
692 2553 868 2625 reipublicae
883 2559 913 2610 et
926 2555 976 2612 illa
990 2555 1142 2629 provincia

277 2654 406 2712 maxime
425 2653 599 2719 continetur,
613 2652 666 2735 tibi
688 2655 732 2707 est
751 2651 989 2709 inimicissimum.
1031 2655 1143 2713 Verum

279 2756 359 2808 esto':
380 2751 439 2808 alio
453 2754 517 2807 loco
539 2752 576 2807 de
590 2756 733 2808 aratorum
747 2750 844 2816 animo
860 2757 889 2807 et
902 2751 1015 2824 injuriis
1031 2752 1140 2811 videro.

279 2868 368 2918 nunc,
381 2851 456 2925 quod
470 2849 542 2906 mihi
555 2851 606 2906 abs
620 2854 649 2905 te
663 2851 755 2916 datur,
768 2848 797 2905 id
812 2848 933 2922 accipio,
947 2867 997 2907 eos
1011 2851 1065 2908 tibi
1078 2870 1142 2909 esse

279 2948 505 3007 inimicissimos.
540 2966 643 3021 nempe
677 2948 719 3005 ita
745 2947 829 3013 dicis,
855 2952 968 3020 propter
994 2950 1140 3008 decumas.

281 3046 440 3113 Conced03
463 3065 521 3102 non
534 3063 649 3119 quaero,
666 3046 733 3118 jure
753 3063 791 3103 an
818 3045 921 3121 injuria
941 3046 999 3103 sint
1019 3046 1144 3106 inimici.

282 3142 361 3211 Quid
374 3161 442 3215 ergo
455 3142 523 3199 illae
543 3143 600 3198 sibi
624 3148 735 3199 statuae
758 3152 904 3217 equestres
923 3144 1069 3202 inauratae
1092 3164 1143 3203 vo·

280 3239 354 3302 lunt,
367 3255 440 3311 quae
453 3237 551 3309 populi
576 3237 700 3293 Romani
722 3242 821 3297 oculos
835 3243 1000 3317 animosque
1015 3244 1142 3304 maxime

282 3336 439 3401 offendunt,
452 3341 567 3407 propter
580 3337 682 3392 aedem
697 3337 849 3396 Vulcani?
877 3342 954 3397 Nam
974 3342 1142 3415 inscriptum

283 3454 347 3494 asse
362 3435 457 3500 video,
471 3435 615 3507 quandam
628 3454 667 3491 ex
681 3436 726 3493 his
740 3443 862 3495 statuam
882 3421 1007 3496 aratores
1020 3440 1144 3496 dedisse.

281 3535 319 3593 Si
333 3532 447 3591 honoris
461 3549 548 3588 causa
561 3539 685 3591 statuam
698 3535 846 3601 dederunt,
870 3535 983 3594 inimici
996 3555 1056 3595 non
1069 3543 1144 3631 suut

313 3695 337 3727 θ’(
351 3691 537 3754 nmmoiicrs]
553 3697 634 3747 dieitur
649 3700 675 3742 ut
692 3695 759 3747 Verr.
770 3699 788 3757 l,
800 3698 833 3745 ld
851 3708 892 3755 pro
910 3696 999 3745 tollere.
1017 3712 1070 3746 mox
1085 3697 1146 3746 ucis·

282 3754 408 3803 mmtioris
422 3754 502 3831 basan
512 3762 609 3815 purten.
621 3772 644 3805 v.
655 3755 720 3805 Glar.
