2700 4675
485 893 524 941 rs.
540 891 650 940 runnu
665 859 835 940 croneoms

278 1171 279 1174 ,
373 1108 503 1185 uno
545 1107 591 1182 r.
636 1108 946 1206 Qurnnro,

506 1318 641 1393 oasrro
672 1348 799 1391 rarus.

537 1544 765 1614 sannunnruu.

220 1712 277 1759 Cum
286 1710 340 1757 olim
349 1724 417 1758 anuos
427 1709 512 1771 aliquot
526 1708 585 1756 iuter
602 1710 651 1756 Sex.
668 1709 779 1756 Naevium
794 1723 924 1770 praeconem
939 1712 964 1756 et
978 1708 1005 1757 O.
1018 1709 1088 1761 Quiu-

249 1790 305 1837 tium
323 1791 353 1836 de
371 1789 436 1851 plebe
454 1789 556 1835 Romana
575 1788 687 1833 hominem
703 1788 797 1835 societas
806 1804 888 1844 rerum,
898 1802 956 1849 quae
970 1788 993 1835 in
1010 1788 1088 1835 Gallia

248 1869 441 1929 comparabantur,
456 1867 541 1922 fuisset,
556 1866 651 1913 moritur
665 1866 693 1913 0.
712 1866 823 1923 Quintius,
832 1867 969 1927 fratremque
985 1866 1087 1913 Publium

248 1950 382 1994 testamento
391 1946 496 1991 heredem
511 1945 571 1991 iacit.
603 1944 718 1991 Dissoluta
734 1946 775 1990 hoc
791 1945 857 1991 modo
872 1944 986 2000 societate,
997 1945 1088 2002 jndicio

246 2026 342 2087 primum
350 2024 380 2070 de
394 2022 504 2069 mmmuni
513 2022 641 2078 dividundo,
652 2022 675 2067 b.
686 2036 707 2067 e
724 2022 742 2068 si
758 2036 815 2084 qnae
823 2023 853 2069 de
866 2022 987 2069 communis
1000 2024 1086 2085 praedii

247 2103 355 2151 divisione
370 2101 422 2148 lites
439 2101 498 2147 inter
513 2099 582 2148 socios
591 2105 655 2147 ortae
670 2105 756 2161 esseut3
772 2102 833 2159 dein,
843 2102 861 2149 si
871 2101 924 2163 quid
939 2103 969 2149 ab
976 2104 1086 2150 alterutro

247 2183 373 2238 deberetur,
386 2196 428 2239 pro
443 2182 497 2228 sosio
507 2180 596 2241 julian
609 2180 646 2226 rel
655 2180 755 2239 arbitrio,
769 2181 792 2227 h.
803 2196 824 2229 e.
841 2182 928 2241 judicio
936 2182 1055 2241 societatis,
1066 2184 1085 2231 si

244 2261 293 2324 quis
302 2261 350 2309 soil.
361 2262 444 2307 socium
457 2260 590 2316 fraudasset,
607 2259 773 2321 disceptandum
789 2265 846 2307 erat.
877 2262 928 2308 Hoc
942 2277 993 2308 cum
1008 2263 1085 2309 sumtis

246 2343 307 2389 intra
325 2340 421 2403 parietes
445 2340 576 2386 domesticos
593 2339 681 2386 arbitris
704 2340 795 2398 transigi
813 2355 857 2386 non
873 2341 989 2400 pomisset,
1004 2357 1084 2402 resque

244 2411 370 2483 aliquandiu
380 2419 403 2465 in
412 2417 560 2465 vadimonium
575 2417 659 2473 inisset,
674 2419 732 2478 quod
744 2418 888 2478 permittente
906 2423 1011 2478 praetore
1025 2421 1083 2467 alter

243 2500 340 2546 alterum
349 2497 443 2544 vadams
452 2505 509 2551 erat,
517 2496 540 2540 h.
548 2508 569 2541 e.
580 2495 716 2552 fidejussores
733 2510 750 2540 s.
760 2495 829 2540 vades
837 2494 968 2556 postularat,
977 2497 1015 2559 qui
1025 2499 1083 2545 alte-

245 2592 293 2624 rum
302 2574 454 2622 vadimonium
462 2573 574 2620 obiturum
584 2587 624 2618 suo
632 2571 732 2633 perimlo
740 2578 886 2634 praestarent,
901 2573 969 2636 idque
981 2577 1081 2624 παίω

242 2658 304 2702 nium
314 2666 471 2713 saepenumero
478 2650 571 2698 dilatum
577 2657 647 2710 esset3
663 2651 754 2698 tandem
763 2653 813 2699 Sex.
822 2653 929 2711 Naevius,
938 2654 965 2700 L.
977 2655 1080 2717 Scipione

243 2732 270 2780 Ο.
282 2731 390 2779 Norbano
398 2729 459 2777 Coss.
470 2743 520 2776 oum
529 2729 554 2777 P.
566 2728 670 2781 Quintius
677 2730 701 2776 in
710 2730 810 2778 Galliam
818 2734 928 2794 proiectus
936 2739 1000 2791 esset,
1010 2740 1079 2784 testes

242 2811 366 2874 complures
374 2808 459 2866 sumsit,
477 2823 502 2856 se
519 2809 669 2856 vadimonium
679 2809 768 2866 stitisse,
786 2810 812 2857 P.
823 2811 939 2863 Quintium
947 2813 1076 2862 deseruisse.

240 2891 299 2940 Eam
306 2889 448 2937 testationem
457 2903 507 2936 cum
515 2888 545 2934 sd
555 2887 580 2934 P.
592 2887 723 2934 Burrienum
733 2888 862 2936 Praetorem
871 2891 983 2949 edid'nset,
1002 2899 1077 2954 postu-

241 2970 299 3019 lsvit
307 2985 335 3017 ee
342 2969 411 3015 edicto
420 2967 540 3025 Praetoris,
549 2971 575 3014 ut
581 2965 625 3014 sibi
634 2967 721 3018 Quintil
739 2968 804 3025 bona,
820 2969 882 3030 quasi
891 2970 1002 3019 latitanu's
1014 2973 1077 3020 debi-

240 3050 303 3107 toris,
318 3047 431 3111 possidere
440 3046 525 3092 liceret
556 3045 658 3102 Praetor,
669 3045 707 3107 qui
717 3047 798 3093 deserti
807 3048 928 3095 vadimonii
936 3050 1023 3098 tabulas
1032 3056 1076 3100 tes-

239 3128 399 3188 timoniumque
417 3124 511 3182 audiret,
521 3123 631 3171 neminem
640 3138 714 3185 porro,
734 3125 772 3187 qui
781 3125 895 3173 absentem
904 3128 1021 3179 Quintium
1036 3133 1076 3178 de-

239 3206 346 3262 fenderet,
356 3205 434 3250 adesse
442 3203 536 3260 rideret,
546 3202 731 3263 eipossessiouem
740 3204 845 3251 decernit.
877 3206 913 3252 lta
919 3208 1018 3255 Naevius
1027 3208 1075 3258 dies

238 3283 331 3341 triginta
337 3283 447 3344 possedit:
462 3281 542 3343 quibus
551 3281 640 3338 exactis,
650 3282 730 3327 eadem
739 3282 798 3328 bona
806 3284 930 3345 proscribit,
940 3287 1075 3335 auctionem-

239 3360 313 3424 quein
323 3360 381 3407 diem
390 3365 474 3408 oertam
483 3358 603 3407 constituit.
634 3360 691 3407 Cum
701 3375 753 3407 eme
762 3361 802 3407 tibi
812 3363 871 3410 Sext.
879 3365 995 3425 Alphenus
1005 3365 1074 3417 Quin-

237 3441 265 3488 tii
275 3455 299 3487 se
317 3443 482 3499 procuratorem
498 3452 546 3485 esse
561 3437 684 3494 denuntiat,
695 3440 813 3500 usumque
822 3445 846 3487 et
859 3441 947 3491 tibulos
957 3444 1039 3504 dejicit,
1049 3449 1074 3492 et

237 3534 338 3583 puerum,
346 3529 412 3576 quem
424 3516 523 3563 Naevius
537 3515 669 3574 abducebat,
680 3516 758 3577 eripit:
774 3533 840 3580 seque
849 3525 950 3581 paratum
960 3537 1007 3570 esse
1013 3524 1074 3580 judi-

228 3599 273 3646 'cio
287 3595 404 3649 Quintium
419 3594 545 3651 defelldere,
561 3595 684 3654 profitetur.
715 3595 782 3642 Hunc
798 3587 898 3645 Naevius
913 3600 936 3647 in
948 3602 984 3660 jus
999 3603 1028 3648 ad
1045 3603 1070 3648 P.

237 3677 368 3726 Burrienum
383 3678 465 3721 vocat:
481 3672 547 3743 petit,
557 3681 581 3718 ut
591 3671 609 3720 si
624 3672 680 3719 velit
689 3673 737 3720 Pro
752 3677 806 3722 socio
817 3678 906 3736 jesdioio
920 3677 946 3727 P.
958 3680 1072 3731 Quintium

236 3755 362 3813 defendere,
375 3752 506 3813 judicatum
519 3751 574 3800 solvi
587 3751 682 3811 allidet,
693 3753 715 3800 b.
726 3769 747 3801 e.
758 3770 871 3817 sponsores
890 3759 929 3806 det
943 3759 1071 3819 lompletes,

247 3856 318 3897 von·
339 3855 381 3896 rr.
618 3837 637 3888 3
