2700 4675
247 545 289 601 68
619 537 743 587 oRA'l'lo

246 683 362 742 vicinos
374 700 464 752 meos,
477 684 525 758 qui
541 703 607 742 suns
630 685 746 751 liberos,
769 699 842 757 quos
860 686 997 758 plurimi
1020 690 1130 756 taaimt,

245 784 386 855 agricolas
400 784 529 840 assiduos
544 802 606 841 esse
617 783 747 855 eupiunt.
769 782 888 840 Verum
897 786 1048 847 homines
1057 794 1127 847 note

244 898 365 948 sumere,
375 882 506 939 odiosam
516 889 570 949 est,
580 900 646 940 oum
655 887 684 939 et
693 882 764 938 illud
774 881 926 941 incertum
934 886 991 954 sit,
1001 887 1125 944 velintne

245 978 275 1033 hi
289 996 352 1033 sese
367 979 509 1035 nominari
523 1000 529 1033 :
552 988 583 1035 et
597 998 684 1037 nemo
698 978 781 1035 vobis
800 980 899 1052 magis
914 989 1012 1041 notus
1025 985 1123 1042 lutum

242 1074 379 1146 eitonam
391 1082 435 1130 est
449 1075 497 1132 hio
507 1076 674 1149 Eutychus:
690 1082 720 1133 et
730 1082 809 1134 certe
824 1078 861 1133 ad
872 1096 939 1136 rem
950 1082 1032 1140 nihil
1047 1083 1121 1140 inter·

242 1171 289 1237 sit,
298 1176 391 1229 utrum
401 1173 478 1230 huno
490 1192 545 1247 ego
553 1174 938 1246 comiaumadolesaentem,
950 1195 994 1237 an
1004 1181 1120 1255 aliquan

242 1287 281 1327 ex
295 1287 365 1344 agro
378 1271 506 1345 Vejente
523 1273 680 1330 nominem.
714 1272 832 1329 Etenim
845 1274 924 1331 haee
939 1280 1118 1335 confictam

242 1368 332 1428 bitror
345 1388 363 1428 a
377 1370 552 1445 politisesse,
563 1378 595 1430 ut
607 1372 719 1429 effictos
734 1374 845 1426 nostros
858 1387 961 1431 mores
972 1375 1008 1433 in
1021 1374 1117 1433 num

242 1471 380 1542 personis,
399 1488 619 1544 expressamque
642 1469 799 1542 imaginem
822 1474 943 1528 nostrae
959 1473 1044 1531 vitae
1057 1489 1116 1548 qun·

243 1566 371 1621 tidiunae
386 1567 558 1623 videremus.
601 1570 667 1641 Age
682 1584 768 1633 nuno,
780 1565 854 1623 refer
861 1567 1010 1639 animum,
1019 1571 1069 1640 sis,
1080 1570 1115 1628 ad

243 1664 406 1728 veritatem,
427 1669 456 1718 et
470 1666 631 1733 considera,
645 1684 704 1722 non
724 1666 808 1722 modo
829 1665 861 1722 in
877 1667 1020 1737 Umbria,
1033 1675 1115 1744 atqu

242 1760 274 1818 in
288 1779 324 1817 ea
338 1760 501 1829 vicinitate,
516 1764 567 1818 sed
582 1763 613 1820 in
628 1764 672 1820 his
688 1762 835 1819 veteribus
848 1764 1116 1842 municipiisque·

242 1860 337 1917 studia
358 1877 376 1916 a
398 1861 648 1934 patribusfamilias
675 1862 803 1918 maxime
831 1864 1000 1923 laudentur.
1052 1868 1117 1924 Jan

242 1961 371 2032 prolecto
384 1965 413 2016 te
429 1961 584 2034 intelliges,
598 1961 698 2033 inopia
718 1959 880 2027 ariminum,
894 1978 1043 2022 summam
1062 1967 1117 2024 lan·

193 2085 230 2145 Π
242 2061 308 2113 dem
330 2059 401 2113 Sex.
417 2060 525 2114 Roscio
547 2059 622 2113 vitio
643 2063 673 2114 et
693 2060 798 2129 eulpae
816 2058 944 2115 dedisse.
992 2063 1037 2120 At
1051 2079 1116 2120 pon

242 2154 328 2209 modo
342 2153 398 2207 hoo
413 2160 523 2222 patrum
549 2157 697 2211 voluntate
720 2156 804 2211 liberi
825 2154 959 2213 iaciunt:
982 2161 1038 2217 sed
1058 2178 1118 2234 per·

241 2251 346 2307 multos
360 2252 390 2305 et
403 2266 458 2322 ego
472 2250 551 2317 novi,
565 2256 604 2317 et,
615 2252 671 2308 nisi
687 2270 732 2309 me
744 2253 818 2310 lallit
828 2254 953 2323 animus,
965 2258 1115 2333 unusquis·

241 2368 297 2426 que
312 2353 448 2417 vestrum,
462 2349 510 2425 qui
524 2357 554 2409 et
573 2351 630 2424 ipsi
643 2351 756 2409 incensi
769 2358 835 2410 sunt
856 2354 964 2424 studio,
987 2360 1069 2432 qnod
1081 2359 1116 2417 ad

241 2467 340 2525 agrum
363 2451 517 2508 nolendum
541 2450 664 2508 attinet:
697 2451 843 2524 vitamque
865 2451 943 2508 hano
966 2457 1117 2527 malinam,

241 2567 326 2622 quam
350 2555 380 2606 tu
403 2553 504 2621 probro
528 2553 558 2605 et
579 2549 695 2606 crimini
723 2557 805 2622 putas
829 2567 893 2606 esse
915 2560 1066 2626 oportere,
1087 2560 1117 2617 at

241 2646 474 2703 honestissimam
485 2651 515 2700 et
525 2647 726 2704 suavissimam
737 2664 800 2703 esse
810 2648 999 2708 arbitrantur.
1038 2654 1116 2727 Quid

241 2761 344 2802 censes
358 2747 435 2800 hunc
457 2744 550 2816 ipsum
569 2746 639 2802 Sex.
655 2744 802 2812 Roscium,
816 2763 872 2818 quo
885 2747 994 2818 studio,
1008 2757 1042 2809 et
1061 2769 1114 2828 qm

243 2842 438 2918 intelligentia
458 2861 520 2899 esse
536 2842 567 2900 in
581 2844 696 2900 rusticis
710 2840 814 2900 rebus?
835 2848 867 2899 ut
880 2861 918 2899 ex
932 2845 982 2902 his
1000 2851 1114 2925 propin·

240 2943 305 3017 quis
327 2944 397 3014 ejus,
411 2942 573 2998 hominibus
597 2942 816 3008 honestissimis,
831 2940 926 3010 audio,
941 2962 1006 3003 non
1031 2953 1065 3005 tu
1084 2948 1114 3007 in

241 3040 297 3096 isto
310 3038 432 3095 artificio
445 3037 624 3092 accusatorio
637 3040 770 3096 callidior
783 3058 824 3107 es,
838 3058 926 3114 quam
938 3043 992 3100 hie
1005 3044 1040 3102 in
1052 3064 1111 3105 sun.

242 3137 363 3202 Verum,
375 3139 408 3190 ut
420 3133 530 3205 opinor,
544 3135 679 3208 quoniam
704 3136 746 3193 ita
770 3139 964 3212 Chrysogono
986 3142 1111 3212 videtur,

242 3235 291 3310 qui
313 3234 380 3290 huio
394 3234 504 3289 nullum
518 3233 665 3305 praedium
686 3236 808 3309 reliquit,
822 3244 853 3292 et
866 3238 1024 3299 artificium
1043 3242 1113 3301 ohli-

242 3333 379 3398 viscatur,
399 3335 428 3387 et
442 3331 565 3388 studium
584 3333 720 3404 deponat,
734 3334 843 3390 licebit.
886 3337 973 3407 Quod
993 3339 1111 3400 tametsi

242 3431 377 3491 miserum
398 3433 429 3485 et
448 3428 598 3503 indignum
611 3448 675 3499 est3
696 3431 768 3488 leret
781 3436 878 3489 tamen
894 3451 988 3507 aequo
1001 3438 1113 3508 animo,

230 3531 361 3607 judices,
375 3527 400 3584 si
422 3545 539 3599 parvos
557 3528 648 3586 vitam
666 3534 698 3586 et
711 3529 817 3587 lamam
837 3536 933 3604 potest
953 3534 1109 3594 obtinere:

242 3631 298 3689 hoa
314 3644 383 3686 vero
403 3631 456 3693 est,
475 3623 577 3701 31quod
598 3628 664 3684 lerri
686 3646 744 3685 non
770 3631 884 3702 potest,
886 3629 911 3686 si
926 3635 957 3686 et
977 3631 1010 3688 in
1033 3634 1112 3693 hane

271 3780 367 3853 ⁸¹prod
308 3779 442 3843 pmMem'
455 3793 501 3827 ιιιιι
512 3780 596 3840 potest]
627 3780 900 3828 Puteanusetlambinus
909 3781 1112 3843 malebantsem.

133 3800 349 4084 >m
341 3840 423 3887 Sed
468 3780 634 3900 tuitingeuere
650 3843 675 3885 et
691 3839 794 3888 absolute
808 3842 883 3888 dicere
880 3840 960 3939 Ἰιιιοιι
978 3845 1116 3907 proprian
