2700 4675
277 531 342 593 310
368 519 389 537 “
613 517 648 574 lN
662 520 805 574 VERREM

275 674 341 744 iste,
362 689 474 751 quoquo
494 674 580 732 modo
593 691 625 730 se
639 674 669 730 in
684 691 719 731 ea
739 670 909 747 quaestione
924 670 1091 743 praebebat,
1104 677 1143 729 ta

273 790 343 832 men
356 774 387 830 in
400 773 525 831 consilio
536 774 660 851 babebat
670 772 802 828 homines
813 771 951 826 honestos
965 788 983 825 e
996 756 1143 828 conventu

276 874 471 945 Syracusano,
484 872 534 946 qui
555 870 709 929 Sacerdoti
723 886 833 943 quoque
847 868 879 924 in
893 868 1019 925 consilio
1033 857 1145 926 tuerent

275 974 345 1036 tum,
359 986 425 1026 cum
439 974 515 1026 esset
533 970 611 1025 idem
627 968 674 1025 hic
691 970 813 1042 Sopater
825 968 981 1023 absolutus.
1023 967 1089 1024 Hoc
1103 985 1144 1024 ra·

276 1066 363 1124 tionis
383 1068 537 1135 habebant,
562 1067 657 1122 tacere
679 1084 729 1122 eos
750 1068 832 1123 nullo
845 1066 931 1121 modo
946 1082 1041 1138 posse,
1054 1072 1085 1122 ut
1098 1082 1143 1122 eo

275 1165 341 1221 dem
354 1164 484 1233 crimine,
509 1164 613 1221 iisdem
638 1164 768 1231 testibus,
792 1164 946 1237 Sopatrum
969 1166 1141 1221 condemna·

275 1271 339 1323 rent
352 1266 440 1323 iidem
460 1265 602 1331 homines,
616 1266 665 1339 qui
686 1272 773 1321 antea
797 1265 996 1321 absolvissent
1038 1266 1140 1339 ltaque

274 1365 331 1420 hac
351 1383 408 1421 una
431 1383 481 1438 epe
506 1364 702 1437 adjudicium
726 1363 849 1420 venitur.
877 1379 931 1437 quo
954 1366 1141 1436 posteaquam

274 1469 395 1520 ventum
409 1469 462 1533 est,
484 1482 550 1521 cum
572 1464 603 1521 in
626 1464 779 1520 consilium
798 1463 960 1537 trequentes
987 1460 1139 1518 convenis·

273 1565 338 1615 seut
348 1560 447 1628 iidem,
461 1561 510 1636 qui
524 1563 666 1627 solebant,
681 1567 712 1618 et
726 1564 781 1618 hac
799 1578 856 1618 una
870 1578 920 1635 spe
934 1564 994 1617 tota
1007 1559 1139 1615 defensio

274 1656 389 1729 Sopatri
409 1657 556 1725 niteretur,
570 1659 689 1715 consilii
709 1660 869 1733 frequentia
892 1663 921 1715 et
940 1655 1094 1730 dignitate,
1109 1661 1139 1713 et

272 1756 347 1829 quod
361 1762 451 1825 erant,
462 1761 495 1813 ut
508 1756 580 1824 dixi,
589 1757 689 1825 iidem,
699 1758 748 1831 qui
766 1763 854 1814 antea
870 1758 1023 1830 Sopatrum
1036 1757 1138 1813 eodem

272 1852 324 1911 illo
337 1854 458 1912 crimine
473 1855 648 1913 liberarant:
670 1856 839 1930 cognoscite
854 1855 978 1932 hominis
1000 1862 1138 1934 apertam,

272 1968 308 2010 ac
323 1972 382 2011 non
395 1956 481 2011 modo
496 1973 553 2011 non
568 1955 688 2022 ratione,
702 1957 754 2011 sed
768 1973 805 2011 ue
829 1953 1059 2012 dissimulatione
1079 1952 1137 2026 qui·

223 2110 225 2113 Α
273 2051 339 2108 dem
354 2057 461 2110 tectam
471 2054 684 2126 improbitatem
695 2059 725 2110 et
735 2053 894 2111 audaciam.
938 2053 981 2110 Μ.
995 2052 1138 2119 Petilium,
1153 2076 1155 2078 ¹

272 2148 399 2222 equitem
413 2151 585 2217 Romanum,
610 2169 695 2225 quem
709 2154 834 2209 habebat
860 2151 891 2208 in
905 2151 1041 2217 consilio,
1055 2150 1137 2228 jubet

271 2262 387 2329 operam
399 2249 476 2315 dare,
490 2251 563 2322 quod
579 2249 621 2305 rei
634 2251 766 2331 privatae
780 2250 874 2323 judex
887 2256 975 2308 esset.
1018 2248 1136 2309 Petilius

270 2350 432 2416 recusabat,
441 2349 515 2423 quod
529 2367 594 2406 suos
609 2349 728 2418 amicos,
741 2368 811 2425 quos
824 2350 880 2407 sibi
894 2350 926 2406 in
940 2350 1068 2432 consilio
1076 2363 1135 2405 esse

165 2488 168 2492 -
272 2449 372 2514 vellet,
399 2447 461 2520 ipse
485 2449 593 2504 Verres
617 2442 783 2526 retineret„
803 2451 863 2506 lste
888 2451 976 2507 homo
999 2448 1131 2513 liberalis,
1174 2516 1178 2527 ,

272 2551 360 2617 negat
368 2564 399 2602 se
411 2563 581 2620 quemquam
595 2547 718 2604 retinere
729 2565 836 2614 eorum,
844 2548 893 2622 qui
906 2548 1015 2605 Petilio
1028 2548 1135 2604 vellent

119 2698 128 2707 ,
157 2693 168 2721 Ι,
182 2723 194 2739 ⁴
272 2641 382 2698 adesse.
425 2644 525 2717 ltaque
539 2646 692 2704 discedunt
703 2663 812 2703 omues.
828 2665 895 2704 nam
916 2649 1010 2710 ceteri
1028 2662 1133 2724 quoque

205 2756 208 2762 ·
271 2736 435 2812 impetrant,
450 2761 486 2798 ne
502 2743 696 2800 retineantur:
717 2745 765 2818 qui
779 2763 811 2800 se
822 2748 901 2803 velle
916 2747 1056 2805 dicebant
1069 2748 1133 2803 alte·

271 2839 341 2896 sutri
356 2858 463 2908 eorum,
490 2839 511 2873 ⁷⁸
521 2843 570 2917 qui
585 2847 644 2898 tum
653 2828 723 2899 illud
733 2843 876 2915 judicium
890 2846 1048 2913 habebant,
1061 2846 1134 2902 ades·

271 2937 311 2991 se.
354 2939 454 3013 ltaque
476 2940 530 2996 iste
552 2943 630 2998 solus
652 2958 719 2997 cum
743 2959 795 2998 sua
816 2945 936 3000 cohorte
964 2943 1133 3019 nequissima

271 3032 447 3104 relinquitur.
491 3039 559 3094 Non
573 3039 724 3097 dubitabat
748 3041 906 3108 Minucius,
920 3042 970 3116 qui
987 3044 1134 3117 Sopatmm
1174 3039 1176 3044 ’

271 3127 453 3196 defendebat,
467 3133 536 3204 quin
558 3135 622 3202 iste,
642 3138 779 3210 quoniam
803 3139 958 3197 consilium
972 3142 1133 3206 dimisisset,

270 3224 322 3281 illo
335 3225 383 3281 die
397 3244 456 3283 rem
470 3228 550 3286 illam
565 3235 742 3304 quaesiturus
753 3255 812 3294 non
821 3243 914 3294 esset:
937 3255 1005 3296 cum
1020 3243 1133 3314 repente

262 3323 381 3396 jubetur
393 3325 499 3382 dicere.
540 3329 718 3402 Respondet.
763 3337 812 3392 Ad
837 3334 930 3409 quos?
961 3338 1011 3395 Ad
1025 3357 1082 3406 me,
1095 3338 1132 3394 in·

269 3424 340 3498 quit,
353 3423 378 3480 ai
392 3424 445 3480 tibi
459 3424 580 3484 idonens
596 3429 707 3499 videor,
721 3433 770 3506 qui
792 3434 829 3490 de
842 3434 962 3492 bomine
978 3435 1081 3494 Siculo
1102 3450 1132 3492 ac

270 3522 415 3579 Graeculo
420 3523 562 3595 judicem.
605 3529 729 3586 ldoueus
741 3548 781 3598 es,
792 3531 899 3606 inquit:
915 3535 967 3589 sed
979 3538 1133 3607 pervellem

268 3620 402 3680 adessent
415 3622 446 3690 ii,
460 3623 508 3697 qui
522 3624 662 3684 affuerant
676 3635 955 3707 autea‚eausamque
969 3635 1132 3708 cognorant.

267 3771 322 3876 hutz
322 3777 372 3882 t⁴qui
380 3781 395 3825 t.
406 3778 467 3829 illud
477 3777 594 3838 judicium
611 3780 725 3847 mlelaot]
755 3799 836 3848 nempe
859 3785 945 3849 petitor
960 3791 986 3835 et
1003 3788 1064 3836 uude
1077 3793 1134 3850 peta·
