2700 4675
270 579 363 623 xvur
483 632 486 640 Ι
597 554 818 611 emersum.

270 734 367 789 amur,
378 731 458 796 qnae
468 732 541 797 pars
554 711 674 775 iliorum
685 712 911 798 praesidiorum
922 710 1012 774 nobis
1026 730 1149 797 suppe-

270 800 433 875 ditaverit,
444 798 570 861 videtur
594 799 774 862 dicendum.
821 797 858 859 ln
873 818 937 880 quo
966 818 1041 859 vere
1066 798 1147 861 iicet

270 885 402 960 dicere;
421 884 554 968 majores
570 906 626 946 nos
643 885 857 970 superioribus
872 883 1015 945 omnibus
1032 884 1146 967 copias

269 970 428 1034 habuisse.
476 971 558 1032 Nam
570 978 603 1031 et
615 972 685 1054 ipsi,
702 992 806 1033 amore
822 969 985 1032 Ciceronis
1001 991 1019 1029 o
1033 968 1146 1053 pueris

270 1058 366 1140 eapti,
380 1054 587 1138 qui,soriptis
604 1055 684 1116 itlius
700 1077 758 1139 per
769 1076 865 1117 annos
880 1057 992 1119 multos
1008 1054 1145 1133 legendo

271 1140 567 1225 interpretandoque
599 1139 780 1214 tractandis,
816 1139 917 1203 factus
948 1149 998 1204 est
1038 1140 1080 1201 ita
1112 1148 1149 1203 et

270 1247 400 1307 magnus
422 1234 454 1288 et
470 1233 625 1301 constans,
641 1232 676 1288 ut
692 1227 748 1287 vix
762 1226 894 1287 credam
902 1225 1053 1309 majorem
1070 1245 1144 1287 esse

271 1312 302 1375 io
330 1333 486 1395 quoquam
517 1331 626 1396 posse,
653 1334 672 1373 a
697 1312 801 1374 multis
828 1312 914 1375 annis
941 1333 983 1374 ex
997 1310 1143 1374 omnibus

271 1399 467 1481 regionibus,
488 1398 541 1460 ubi
565 1398 662 1471 literis
689 1398 788 1460 honos
812 1405 872 1473 est,
894 1396 1143 1480 conquisivimus

272 1486 426 1569 exempla,
449 1484 632 1569 praesertim
658 1485 785 1567 antiqua
810 1492 843 1546 et
868 1484 909 1545 od
935 1484 1028 1546 crisin
1045 1482 1144 1558 utilia,

272 1592 331 1631 nec
348 1571 378 1631 in
390 1591 428 1631 eo
452 1571 521 1631 ultis
538 1570 691 1633 sumtibus
710 1571 924 1654 pepercimus,
943 1570 1017 1631 dum
1038 1568 1145 1630 studio

272 1662 378 1717 nostro
400 1655 669 1717 satisfaceremust
701 1663 795 1737 atque
811 1656 897 1718 ineo
914 1663 945 1717 et
961 1655 1038 1717 favit
1052 1654 1144 1716 nobis

272 1741 405 1814 fortuna,
434 1761 529 1824 saepe
556 1740 591 1802 in
611 1762 718 1803 manus
745 1762 811 1803 non
833 1742 1041 1823 cogitantibus
1058 1739 1145 1801 defe-

273 1848 356 1901 rens,
372 1847 430 1911 per
445 1825 627 1888 occasiones
640 1827 753 1901 varias,
765 1827 834 1910 ejus
846 1827 969 1910 generis
979 1826 1143 1909 exempla:

274 1911 409 1995 danique
440 1912 529 1975 nobis
560 1912 601 1974 ad
635 1920 833 1998 praesentem
875 1935 965 1975 usum
996 1912 1144 1995 exempla

275 1999 428 2081 quaedam
444 1998 561 2061 rariora
576 1999 780 2084 suppeditata
794 2000 833 2062 ab
850 2000 916 2062 aliis
939 2007 1020 2073 sunt,
1037 2006 1069 2059 ut
1095 2018 1147 2059 su·

273 2104 331 2168 pra
341 2086 600 2148 commemoravi:
620 2088 708 2150 sicut
723 2094 756 2147 et
771 2086 801 2148 in
813 2087 879 2148 aliis
895 2086 1037 2171 partibus
1052 2084 1146 2146 libro·

275 2190 343 2230 rum
360 2170 637 2232 Ciceronianorum
662 2172 780 2249 factum
803 2180 862 2232 est.
910 2170 1021 2250 Itaque
1042 2169 1145 2245 nobie,

274 2252 305 2315 in
321 2254 381 2315 hac
398 2255 526 2337 quidem
537 2263 638 2340 parte,
650 2255 725 2317 nihii
742 2256 852 2330 defuit,
865 2255 950 2337 quod
967 2261 1019 2314 aut
1035 2273 1145 2315 neces·

275 2339 389 2402 sarium
404 2340 495 2403 nobis
510 2348 563 2403 aut
587 2348 797 2427 opportunum
818 2342 858 2409 ad
885 2341 1056 2402 institutum
1073 2361 1144 2401 nos·

274 2431 354 2491 trum
368 2435 466 2504 esset,
476 2429 558 2490 nulia
566 2427 674 2505 editio,
686 2449 765 2512 quae
778 2449 868 2492 usum
878 2426 1011 2510 aliquem
1026 2427 1143 2489 habere

275 2513 418 2577 criticum
434 2514 536 2577 videri
556 2523 679 2601 posset,
704 2514 775 2577 inde
792 2517 831 2578 ab
847 2515 1009 2578 Romana:
1042 2513 1141 2592 iisque

274 2599 322 2660 usi
338 2621 444 2664 sumus
469 2601 531 2676 sic,
552 2611 590 2664 ut
613 2624 710 2686 supra
733 2601 882 2679 diximus,
907 2602 1002 2663 libros
1017 2606 1143 2662 veteres

275 2683 396 2747 Oritico
409 2706 487 2753 esse.
505 2688 704 2760 tractandos3
727 2686 760 2746 id
775 2689 861 2768 quod
881 2694 913 2748 et
929 2687 1072 2770 superior
1092 2682 1146 2745 illa

274 2769 418 2830 recensio
444 2770 658 2851 exemplorum
681 2769 828 2843 omnium,
844 2777 877 2830 et
902 2778 993 2830 uotae
1020 2775 1145 2830 nostrae

275 2852 446 2916 docebunt.
501 2852 573 2915 Nec
603 2874 681 2914 nero
709 2873 819 2936 parum
848 2854 908 2912 iste
937 2853 1025 2911 labor
1054 2852 1145 2913 nobis

274 2937 402 3024 profuit,
418 2946 453 3001 ut
469 2937 499 3001 iu
514 2938 563 2999 his
578 2937 786 3010 orationibus,
806 2938 848 2998 ita
864 2936 893 2997 iu
914 2935 1029 2996 ceteris
1045 2934 1146 3012 libris,

274 3045 337 3088 non
358 3023 452 3088 modo
468 3024 498 3087 in
514 3024 593 3087 hanc
610 3030 747 3107 partem,
766 3041 846 3103 quae
863 3019 1001 3105 inprimis
1018 3027 1145 3106 specta·

275 3117 336 3185 tur,
352 3116 388 3171 ut
406 3110 536 3172 materia
550 3108 694 3169 delectus
710 3113 931 3189 congereretur
951 3107 1073 3183 idonea,
1086 3108 1144 3169 sed

276 3195 369 3257 etiam
384 3201 419 3256 ut
439 3194 641 3277 conjecturae
667 3199 810 3268 nostrae,
831 3215 908 3277 quas
934 3214 975 3256 ex
990 3215 1093 3258 rerum
1110 3201 1143 3257 et

274 3279 397 3360 linguae
424 3285 533 3341 natura
557 3278 745 3353 feceramus,
771 3280 985 3343 firmarentur:
1024 3280 1145 3360 dequo

276 3372 343 3429 toto
354 3384 468 3446 genere
481 3364 511 3426 in
522 3365 702 3429 universum
715 3364 832 3429 dictum
845 3373 895 3429 est
909 3366 940 3429 in
952 3366 1145 3451 praefatione

275 3449 381 3533 operis
396 3448 491 3532 hujus
514 3450 664 3514 universi.
712 3449 779 3514 Sed
801 3453 879 3515 haee
901 3473 975 3537 pars
991 3451 1096 3536 operis
1112 3460 1145 3515 et

272 3555 351 3598 usus
367 3535 469 3599 critici
485 3536 576 3599 libris·
586 3537 680 3599 editis
696 3539 866 3602 eommunis
890 3547 940 3601 est
957 3558 1028 3601 cum
1045 3537 1145 3622 scrip-

276 3622 328 3696 tis,
345 3621 385 3683 de
400 3620 528 3704 quibus,
541 3630 654 3699 restat,
664 3631 700 3687 ut
711 3624 862 3700 dicamus.

320 3706 459 3774 Codices
484 3707 505 3770 ii
520 3709 713 3785 orationum,
728 3731 746 3772 e
769 3711 883 3793 quibus
898 3710 1016 3797 primae
1033 3707 1145 3771 editio·

265 3812 331 3861 ores
346 3794 464 3861 ductae
478 3801 560 3872 sunt,
577 3796 685 3880 quales
700 3796 826 3875 tuerint,
839 3797 930 3884 cujus
946 3796 1069 3872 aetatis,
1083 3814 1147 3859 oon
