2700 4675
421 589 485 639 rao
500 588 570 639 sex.
586 588 701 640 noscro
720 588 882 640 summo.
1047 590 1087 652 07

220 736 419 795 calamitatem
432 736 516 794 veuit
537 744 653 811 propter
676 736 856 810 praediorum
878 734 1040 792 bonitatem
1059 739 1090 792 et

221 833 446 900 multitudinem,
467 840 507 901 et,
521 836 599 907 quod
620 851 656 890 ea
678 834 806 889 studiose
829 832 930 900 coluit,
943 832 974 890 id
995 833 1050 889 erit
1063 832 1092 889 ei

222 930 352 989 maxime
376 930 488 988 fraudi:
517 936 549 987 ut
575 948 675 1003 parum
699 929 832 987 miseriae
855 930 902 998 sit,
926 931 1001 1005 qnod
1027 930 1092 988 aliis

224 1028 326 1095 coluit,
337 1028 470 1096 nonsibi,
479 1027 537 1086 nisi
547 1020 727 1104 etiamquod
737 1028 857 1086 omuino
866 1029 966 1098 coluit,
976 1028 1094 1088 crimini

220 1125 318 1182 luerit.
361 1127 391 1182 N
393 1144 429 1183 ae
450 1129 490 1194 tu,
509 1127 606 1195 Emci,
627 1133 778 1186 accusator
798 1145 876 1185 esses
894 1128 1044 1193 ridiculus,
1065 1127 1091 1185 si
1106 1141 1145 1206 18

224 1223 286 1280 illis
299 1225 471 1297 temporibus
484 1230 567 1282 natus
581 1243 669 1295 esses,
679 1243 747 1283 cum
757 1228 794 1283 ab
804 1230 899 1284 aratro
908 1230 1092 1286 arcesseban-

225 1326 280 1389 tur,
301 1322 350 1397 qul
369 1326 502 1381 consules
521 1325 632 1382 tierent.
673 1325 801 1392 Etenim,
815 1325 863 1397 qui
877 1343 1010 1398 praeesse
1019 1342 1093 1399 ¹agro

224 1423 349 1480 colendo
362 1422 502 1496 flagitium
512 1428 605 1496 putes,
619 1422 749 1495 prolecto
762 1422 844 1479 illurn
860 1423 994 1490 Atilium,
1007 1441 1093 1497 quem

223 1537 276 1576 sua
288 1538 376 1577 manu
389 1527 572 1595 spargentem
595 1538 705 1588 semen,
719 1520 767 1595 qui
786 1520 866 1578 missi
880 1526 972 1589 eraut,
985 1539 1093 1580 couve-

183 1643 202 1656 -’
222 1623 338 1685 nerunt,
352 1619 500 1676 homiuem
513 1619 706 1693 turpissimum
726 1622 812 1694 atque
826 1619 1093 1679 inhonestissimum

178 1761 197 1782 .
215 1717 373 1791 judicares.
416 1719 459 1775 At
477 1718 593 1775 hercule
615 1717 737 1791 maj0res
752 1718 841 1775 nostri
855 1721 941 1792 longe
962 1719 1048 1777 aliter
1060 1723 1091 1777 et

222 1815 261 1872 de
273 1815 326 1872 illo
340 1820 370 1872 et
383 1818 419 1871 de
433 1817 538 1874 ceteris
552 1817 658 1873 talibus
673 1817 745 1874 viris
758 1817 973 1874 existimabant.
994 1818 1091 1892 itaque

225 1929 265 1970 cx
278 1913 398 1969 minima
412 1912 635 1986 tenuissimaque
654 1914 801 1985 republica
822 1915 980 1971 maximam
1001 1920 1031 1971 et
1044 1916 1093 1971 flo-

225 2010 421 2067 rentissimam
446 2010 529 2066 uobis
563 2010 748 2082 reliquerunt.
805 2011 879 2067 Suos
905 2011 985 2067 enim
1010 2028 1093 2085 agros

226 2107 356 2165 studiose
377 2109 530 2163 colebant:
558 2124 618 2164 nou
640 2108 751 2164 alienos
773 2108 878 2181 cupide
899 2109 1092 2181 appetebant:

225 2205 329 2282 quibus
343 2207 435 2272 rebus,
449 2210 479 2261 et
492 2204 577 2279 agris,
591 2211 621 2263 et
644 2206 769 2275 urbibus,
783 2211 814 2263 et
835 2205 1009 2275 nationibus,
1022 2224 1093 2266 rem·

224 2303 371 2381 publicam
382 2308 468 2379 atque
476 2304 531 2363 hoc
540 2305 692 2379 imperium
702 2310 733 2363 et
743 2304 841 2380 populi
850 2305 975 2365 Romani
984 2324 1093 2366 nomeu

225 2410 377 2461 anxemnt.
412 2404 515 2477 Neque
526 2421 581 2476 ego
589 2406 663 2461 haec
673 2422 710 2462 eo
720 2405 841 2477 protero,
851 2422 908 2476 quo
918 2406 1093 2463 conterenda

224 2501 285 2559 sint
305 2518 373 2557 cum
395 2501 486 2579 bisce,
499 2502 537 2556 de
558 2501 660 2573 quibus
682 2518 760 2558 nunc
782 2500 962 2572 quaerimus:
990 2503 1042 2558 sed
1062 2507 1094 2560 ut

224 2599 299 2656 illud
312 2596 500 2669 intelligatur,
522 2613 590 2653 curn
614 2597 691 2669 apud
712 2597 835 2668 mitiores
856 2603 967 2655 nostros
990 2598 1094 2657 summi

225 2696 288 2753 viri
297 2694 506 2769 clarissimique
525 2694 667 2763 homines,
680 2695 730 2770 qui
750 2696 831 2753 omni
852 2700 979 2770 tempore
993 2699 1030 2755 ad
1043 2716 1092 2774 gu·

224 2795 382 2852 bernaeula
394 2792 569 2864 reipublicae
582 2796 682 2851 sedere
693 2796 847 2862 debebant,
858 2799 954 2854 tumen
968 2796 1000 2854 in
1013 2797 1090 2872 agris

224 2910 336 2968 quoque
350 2891 481 2949 colendis
495 2893 672 2966 aliquantum
692 2911 797 2966 operae
818 2894 1009 2968 temporisque
1023 2913 1091 2952 con·

224 2992 392 3060 sumserint;
413 2990 526 3063 ignosci
538 2996 670 3064 oportere
684 2991 714 3049 ei
727 2991 848 3058 homiui,
862 2991 955 3066 quise
969 2993 1092 3052 fateatur

224 3107 288 3147 esse
310 3090 456 3155 rusticum,
476 3087 573 3147 mcum
597 3089 654 3147 ruri
677 3089 807 3147 assiduus
829 3108 942 3162 semper
963 3091 1089 3149 vixerit:

223 3202 290 3244 cum
303 3189 471 3260 praesertim
485 3189 558 3244 nibil
572 3193 657 3255 esset,
671 3191 747 3263 quod
761 3194 810 3246 aut
826 3189 899 3262 patri
912 3190 1029 3263 gratius,
1039 3196 1091 3248 aut

226 3283 283 3340 sibi
300 3285 464 3354 jucundius,
477 3292 527 3343 aut
549 3304 580 3342 re
603 3304 673 3342 vera
694 3287 844 3344 honestius
864 3288 961 3345 lacere
983 3294 1089 3362 posset.

228 3380 335 3437 Odium
348 3382 435 3454 igitur
448 3384 618 3440 acerrimum
632 3385 720 3457 patris
734 3384 766 3441 iu
787 3386 878 3443 filium
899 3405 938 3443 ex
952 3387 1017 3455 boc,
1030 3386 1090 3460 opi·

226 3495 289 3545 nor,
303 3480 469 3548 ostenditur,
483 3481 580 3548 Eruci,
593 3483 669 3554 quod
683 3483 759 3538 hunc
774 3483 830 3540 ruri
842 3502 905 3541 esse
919 3485 1089 3557 patiebatur.

224 3575 375 3648 Numquid
396 3584 440 3635 est
463 3576 562 3635 uliud?
593 3579 688 3635 lmmo
709 3597 788 3648 vero,
812 3581 914 3656 iuquit,
938 3588 990 3639 est.
1023 3597 1090 3636 uam

251 3729 275 3761 ³²
290 3743 342 3774 cum
351 3728 405 3776 ruri
417 3729 610 3786 crddcusrcmper
618 3744 638 3776 v.
680 3730 768 3789 Smper
777 3733 830 3779 mibi
846 3734 941 3791 glossam
958 3733 1011 3777 olet.
1046 3731 1092 3778 Pro

219 3801 271 3837 cam
281 3787 376 3837 Ursinus
384 3788 483 3838 malebat
494 3788 541 3858 qui
557 3789 615 3851 quod
624 3803 639 3850 p
716 3791 768 3852 quia
777 3791 855 3839 statim
864 3793 962 3852 sequitur
971 3804 1029 3837 mm.
