2700 4675
475 597 480 605 '
579 605 758 662 urvrnsuro.
1013 611 1094 673 ,ιω

223 758 280 820 iste
293 757 383 819 vult?
403 764 639 819 aoousstoeemno
652 776 686 815 se
697 754 867 823 existimari,
880 752 931 829 qut
950 758 1036 811 antes
1049 753 1097 811 de·

226 862 345 918 tendere
358 863 568 917 consueverat:
587 876 666 916 nuno
680 855 857 930 praesertim,
870 871 907 912 ea
914 855 979 930 jam
992 858 1097 923 aetate
1162 839 1165 845 ⁵

225 975 294 1016 enm
307 958 489 1017 aedilitatem
515 953 617 1030 petat?
635 958 701 1030 Ego
724 971 795 1012 vero
821 953 924 1013 aetatis
937 971 997 1012 non
1010 953 1098 1012 modo

226 1073 321 1125 meae,
330 1058 382 1113 sed
395 1058 487 1113 mutto
500 1055 589 1113 etiam
601 1053 763 1129 superioris,
777 1058 807 1111 et
820 1053 936 1113 honoris
955 1052 1097 1127 amplissi-

228 1154 270 1211 mi
278 1160 348 1227 puto
361 1171 434 1224 esse,
445 1157 475 1211 et
487 1169 623 1212 aeorrssre
630 1152 784 1227 improbos,
797 1156 828 1210 et
841 1152 959 1211 miseros
978 1152 1096 1211 ostam·

229 1256 363 1328 tososque
375 1254 537 1311 defendere.
577 1252 617 1311 Et
636 1253 768 1326 prot'eeto
793 1258 843 1309 ent
860 1253 918 1309 boe
935 1252 1096 1309 remedium

228 1356 272 1409 est
285 1356 418 1427 aegrotae
431 1369 466 1410 ue
480 1369 570 1427 prope
583 1353 753 1425 desperatae
764 1350 952 1423 reipublicae,
963 1349 1096 1423 judiciis
1117 1414 1119 1418 ¹

225 1465 280 1526 (pre
293 1452 434 1525 corruptis
447 1468 482 1509 ae
495 1450 702 1508 contaminatis
714 1465 870 1522 paucorum
880 1449 955 1506 vitio
965 1464 1000 1505 ae
1010 1446 1097 1521 turpi-

224 1550 332 1619 tudine,
346 1550 481 1607 homines
494 1551 532 1606 ad
542 1551 640 1623 legum
648 1548 858 1617 defensionem,
864 1548 1096 1623 judiciorumque

225 1649 435 1717 auctoritatem,
470 1665 558 1724 quam
588 1648 811 1706 honestissimos
835 1653 865 1705 et
893 1646 1095 1722 integerrimos

224 1747 518 1822 diligentissimosque
540 1749 694 1805 accedere:
719 1747 778 1816 ent,
791 1748 817 1805 si
839 1765 876 1805 ne
898 1749 956 1805 boe
977 1747 1094 1822 quidem

225 1846 360 1918 prodesse
372 1847 488 1919 poterit,
502 1846 631 1919 proiecto
641 1848 722 1903 nnita
741 1863 877 1921 umquam
890 1846 1038 1904 medisina
1048 1846 1094 1903 bis

227 1946 270 1999 tot
292 1942 484 2002 incommodis
502 1944 669 2016 reportetur.
709 1943 800 1999 Nulla
820 1945 897 1999 satus
916 1943 1094 2017 retpnbtieae

228 2041 319 2114 major
329 2047 383 2109 est,
399 2057 485 2115 quam
501 2057 560 2108 eos,
570 2040 619 2114 qui
632 2022 754 2097 atterum
772 2046 986 2109 accusantnon
1000 2042 1095 2099 minus

228 2140 266 2195 de
276 2140 368 2207 laude,
378 2141 415 2197 de
427 2141 545 2207 honore,
559 2140 595 2195 de
608 2139 686 2195 tama
699 2155 759 2207 sua,
770 2156 854 2214 quam
868 2139 943 2208 illos,
951 2140 1000 2215 qui
1010 2158 1094 2199 aceu-

226 2244 332 2306 santur‚
347 2240 384 2295 de
396 2238 494 2311 eapite
508 2255 543 2295 ae
556 2237 677 2296 fortunis
702 2238 760 2294 suis
781 2239 993 2312 pertimescere.
1036 2242 1093 2297 lta-

195 2318 200 2326 ’
227 2356 282 2413 que
293 2356 404 2413 semper
417 2338 439 2395 ii
453 2337 674 2411 diligentissime
685 2337 964 2414 laboriosissimeque
975 2356 1092 2398 aecusa-
1211 2358 1215 2366 ’

224 2441 298 2505 nunt,
311 2437 359 2512 qui
372 2437 482 2510 seipsos
490 2435 521 2492 in
529 2436 686 2493 discrimen
697 2436 922 2493 existimationis
935 2439 1037 2495 venire
1051 2456 1094 2494 ar·

223 2536 323 2593 bitrati
336 2541 411 2592 suut.

267 2635 461 2706 Quamobrem
479 2634 535 2692 hoo
549 2637 685 2700 statuere,
689 2631 814 2706 judiees,
832 2633 953 2703 debetis,
968 2636 1004 2708 Q.
1020 2635 1093 2695 an-
1103 2639 1150 2698 22

224 2734 335 2802 uilium,
344 2734 381 2791 de
395 2750 451 2808 quo
464 2734 543 2789 nutta
554 2747 688 2806 umquam
698 2730 798 2804 opinio
810 2731 904 2802 tuerit,
917 2735 1052 2810 nullaque
1060 2736 1092 2794 in

225 2836 281 2891 hoe
295 2833 359 2908 ipso
366 2831 480 2905 judicio
500 2829 682 2904 exspectatio
702 2829 795 2887 sutura
807 2830 862 2887 sit:
882 2831 931 2905 qui
944 2851 1047 2909 neque,
1060 2842 1093 2893 ut

226 2938 293 2990 ante
314 2933 471 2990 collectam
494 2930 601 2987 samam
624 2932 790 2996 conservet,
807 2945 901 3003 neque
920 2930 964 2988 uti
990 2933 1098 3008 reliqui.

225 3030 360 3106 temporis
387 3036 475 3104 spem
491 3028 652 3096 confirmet,
673 3017 807 3085 laborat:
825 3044 884 3084 non
907 3028 995 3086 nimis
1015 3032 1091 3091 hano

224 3147 341 3187 eausam
354 3146 467 3197 severe,
477 3145 536 3185 non
549 3126 636 3185 nimis
647 3131 793 3193 accurate,
807 3143 866 3183 non
876 3126 962 3185 nimis
970 3129 1090 3206 diligen·

224 3232 269 3285 ter
282 3231 418 3283 acturum.
439 3227 528 3282 habet
540 3225 619 3282 enim
634 3212 808 3300 nihil‚'quod
824 3225 856 3281 in
869 3226 1027 3289 offensione
1040 3231 1089 3288 de-

224 3325 343 3399 perdat:
364 3328 395 3379 ut
404 3322 565 3397 turpissime
576 3323 856 3397 flagitiosissimeque
865 3323 1004 3395 discedat,
1015 3329 1089 3388 nibil

224 3424 264 3481 de
277 3420 336 3478 suis
347 3421 495 3477 veteribus·
508 3420 685 3479 ornamentis
698 3420 834 3495 requiret..
872 3424 900 3480 A
922 3426 1005 3482 nobis
1018 3428 1089 3483 mut·

222 3527 269 3580 tos
281 3517 397 3577 obsides
411 3519 499 3575 habet
509 3520 630 3591 populus
639 3519 795 3587 Romanus,
804 3538 875 3594 quos
888 3526 918 3579 ut
928 3523 1089 3581 incolumes

222 3634 409 3684 conservare,
421 3616 504 3684 tueri,
518 3616 687 3673 confirmare
711 3634 745 3674 ae
759 3635 926 3692 recuperare
940 3620 1094 3693 possimus.

221 3717 304 3778 omui
330 3715 442 3772 ratione
472 3713 527 3771 erit
553 3713 757 3775 dimicandum.
812 3717 910 3775 Habet
941 3701 1097 3786 bonorem.

222 3833 308 3894 quem
329 3813 472 3888 petimus:
493 3814 581 3872 babet
601 3831 693 3891 spem,
712 3833 797 3891 quam
817 3808 993 3890 propositam
1006 3816 1094 3876 nonu

259 3932 331 3974 von.
352 3932 396 3972 rr.
658 3915 697 3970 ts
716 3910 739 3947 ⁴¹*
