2700 4675
273 495 336 562 ut
557 491 839 547 mocnnonrnsr

267 640 367 718 primis
378 640 505 718 speetad
517 647 668 717 oportere:
688 657 774 717 quen
797 640 928 700 maxims
942 641 1046 702 veiint
1069 648 1142 705 raso-

267 759 329 801 rem
341 759 405 800 esse
425 741 571 818 ii,quibus
591 742 686 799 iaeme
710 755 774 798 esse
795 739 934 798 dieantur
954 741 1094 817 injurIae,
1112 748 1141 803 et

266 857 352 918 quem
365 840 486 898 minime
499 840 574 898 velit
586 840 621 907 is,
635 839 684 914 qui
696 855 747 896 eas
769 838 891 913 injurias
910 838 1026 899 t'eeisse
1045 857 1137 917 urguo

234 942 321 1002 dtur.
362 942 398 998 ln
418 940 474 997 bae
494 956 592 1007 osum,
612 940 737 1014 judiees,
758 938 875 996 tametsi
896 944 1054 1017 utrumqne
1077 956 1135 999 eno

265 1039 386 1099 arbitror
398 1037 589 1111 perspicuum,
602 1041 701 1094 tamen
723 1037 761 1093 de
781 1041 902 1111 utroque
916 1038 1028 1108 dicam,
1052 1043 1081 1097 et
1101 1040 1134 1097 de

265 1151 303 1194 eo
315 1135 403 1209 prius,
426 1136 503 1211 qnod
527 1136 602 1209 apud
615 1152 668 1193 vos
682 1133 837 1207 plurimum
855 1135 947 1193 debet
960 1138 1073 1206 vadere,
1084 1137 1134 1196 bot

264 1238 320 1303 est,
333 1234 371 1292 de
385 1235 538 1292 voluntate
552 1250 659 1301 eorum,
671 1231 775 1309 quibus
798 1232 924 1306 injuriae
945 1235 1045 1292 saetae
1058 1237 1133 1302 sunit

264 1351 385 1411 qnomm
410 1344 499 1392 eausa
519 1331 663 1406 judicium
690 1332 728 1388 de
755 1331 888 1404 pecuniis
903 1332 1073 1406 repetundis
1092 1333 1133 1388 est

263 1433 461 1490 constitutum.
512 1431 646 1490 Siciliam
672 1428 857 1503 provinoiam
883 1428 922 1486 C.
950 1429 1061 1488 Verres
1086 1444 1132 1503 per

263 1528 420 1586 triennium
434 1530 624 1603 depopulatus
652 1544 726 1594 esse,
741 1526 906 1584 Siculorum
920 1526 1063 1586 civitates
1074 1542 1133 1583 vrs-

261 1629 349 1692 tasse,
372 1627 472 1682 domos
485 1623 663 1691 exinanisse,
677 1624 747 1681 tana
760 1623 901 1698 spoliasse
915 1624 1036 1683 dieitur.
1076 1624 1131 1683 Ad·

260 1731 337 1791 aunt,
364 1731 518 1797 queruntur
545 1721 638 1779 Siculi
665 1722 817 1779 universi:
848 1723 886 1779 sd
913 1739 1015 1781 means
1042 1725 1129 1791 aden

260 1838 347 1899 quam
361 1822 468 1879 habent
492 1825 653 1895 spectatam
674 1820 748 1893 jam,
769 1826 801 1877 et
819 1820 869 1878 diu
892 1819 1058 1895 eognitam,
1070 1838 1131 1880 oon·

260 1922 392 1996 tugiunt:
412 1913 622 1979 auxilium'sibi
635 1935 687 1991 per
700 1935 747 1976 me
761 1934 780 1975 a
793 1916 877 1976 vobis
890 1923 981 1993 atque
995 1937 1014 1978 ι
1035 1916 1128 1995 popffi

259 2017 386 2078 Romani
419 2019 529 2092 legibus
556 2019 676 2089 petunt:
703 2027 751 2072 me
771 2015 955 2074 defensorem
983 2019 1126 2077 edens»

257 2121 319 2173 tum
331 2132 454 2180 suarum,
476 2131 524 2170 me
545 2116 667 2171 ultorem
681 2113 857 2186 iniuriarum,
881 2131 930 2172 me
944 2117 1123 2192 cognitorem
1156 2189 1158 2194 ,

248 2210 323 2286 juris
346 2212 401 2278 sui,
414 2227 461 2267 me
481 2214 609 2267 satorem
632 2226 738 2268 causae
762 2211 849 2295 totius
872 2229 939 2269 esse
961 2217 1122 2276 votuerunt

256 2310 372 2379 Utrum,
381 2309 419 2383 Q.
428 2307 552 2376 Caecili,
566 2308 622 2366 hoo
632 2308 724 2378 dioes,
737 2326 784 2368 me
798 2326 857 2368 non
870 2310 1040 2373 Siculorum
1049 2328 1123 2388 ro&

256 2416 288 2470 tu
302 2412 340 2470 ad
352 2427 470 2469 oausam
484 2410 634 2476 seeedere,
648 2427 688 2467 an
701 2411 875 2482 optimorum
888 2412 1127 2474 fidelissimorum·

255 2526 311 2586 que
330 2511 473 2568 sociorum
486 2511 668 2565 voluntatem
687 2510 762 2581 apud
783 2509 836 2566 hos
855 2526 979 2583 gravem
995 2531 1060 2572 esse
1072 2528 1126 2571 no·

254 2605 409 2680 oportere?
430 2608 464 2662 Si
487 2606 517 2662 id
537 2606 655 2663 audebis
668 2605 776 2673 dicere,
797 2608 873 2680 quod
888 2608 926 2665 0.
943 2609 1068 2682 Verres,
1079 2608 1123 2671 eui

253 2709 284 2762 te
307 2704 459 2760 inimicum
484 2720 548 2760 esse
573 2704 700 2770 simulas,
720 2704 849 2760 maxime
872 2705 1043 2768 existimari
1056 2711 1123 2776 vult,

254 2803 370 2864 Siculos
380 2806 436 2861 hoe
448 2819 466 2860 a
479 2820 525 2860 me
537 2819 595 2860 non
606 2803 714 2876 petisse
725 2823 732 2858 ε
747 2803 869 2877 primum
879 2821 1005 2868 eausam
1015 2807 1123 2871 iniuriat

251 2904 292 2962 tui
320 2903 495 2969 sublevabis,
515 2904 552 2959 de
574 2917 630 2976 quo
654 2918 712 2958 non
734 2901 954 2974 praejudicium,
974 2911 1122 2993 sedpisns

246 3000 390 3073 judicium
406 3000 470 3072 jam
490 3000 598 3056 iactum
624 3003 747 3071 putatur,
770 3001 848 3074 quod
870 2999 914 3056 its
934 3001 1121 3077 'pereffluit

252 3096 369 3154 Siculos
385 3113 486 3154 omnes
500 3101 628 3153 soterem
641 3114 710 3154 suae
725 3113 831 3156 oausae
845 3104 951 3159 conisa
965 3102 1050 3164 tuin
1059 3104 1124 3179 im'}

249 3192 306 3252 rias
320 3194 473 3268 quaesisse.
515 3193 581 3250 Hoe
594 3195 620 3251 si
630 3200 671 3262 tu,
681 3195 818 3252 inimicus
831 3196 904 3270 ejus,
915 3198 1032 3262 iactum
1044 3215 1122 3277 nep

249 3291 303 3360 bis,
316 3293 392 3367 quod
415 3291 486 3365 ipse,
506 3292 554 3349 oui
574 3293 701 3351 maxime
723 3294 797 3352 baso
821 3312 868 3351 res
888 3298 1003 3370 obstat,
1022 3314 1120 3376 negare
1175 3354 1176 3367 ,

246 3409 306 3452 non
320 3391 424 3448 audet:
444 3390 554 3458 videto,
567 3408 605 3448 ne
618 3390 742 3450 nimium
754 3392 937 3454 familiariter
949 3396 1120 3459 inimreidu

246 3510 384 3556 exemere
398 3490 525 3548 videare.
566 3491 684 3550 Deinde
698 3497 766 3551 sunt
778 3498 877 3564 testes,
890 3495 952 3555 viri
969 3492 1117 3559 eleusii

244 3602 360 3657 nostrae
372 3588 513 3657 civitatis,
526 3606 596 3664 quos
611 3607 713 3648 omnes
726 3609 745 3648 a
756 3609 804 3651 me
827 3593 978 3656 nominari
998 3616 1060 3660 non
1079 3596 1118 3655 αἱ

274 3749 287 3783 r
298 3745 443 3810 meppia]
474 3741 511 3793 bie
517 3741 569 3792 edd.
579 3757 613 3804 pr.
623 3743 671 3793 Ms.
682 3745 726 3795 du.
737 3759 782 3796 nos
789 3748 942 3808 paam.
