2700 4675
375 550 447 598 scu.
464 550 494 598 u.
509 550 607 600 uranu
622 549 800 600 secuunus.
955 551 1023 610 335

160 698 351 765 argumentor,
365 714 420 770 qua
433 700 470 753 de
485 716 515 754 re
530 699 661 756 dubitare
676 714 763 753 nemo
776 691 885 768 possit?
907 694 958 749 An
971 692 1028 747 hoo

159 790 302 847 dubitabit
313 794 461 868 quisquam
472 797 611 863 omnium,
622 797 692 871 quin
705 794 729 851 is
741 796 875 851 venalem
885 792 916 847 in
926 790 1030 847 Sicilia

155 886 390 959 jurisdictionem
415 894 556 961 habuerit,
578 895 627 969 qui
655 895 765 949 Romae
789 897 880 947 totum
902 889 1030 944 edictum

164 991 250 1060 atque
263 991 361 1045 omnia
375 993 494 1049 decreta
505 988 690 1048 vendiderit?
710 991 777 1063 quin
791 990 816 1046 is
827 991 863 1045 ab
876 985 983 1043 Siculis
993 986 1031 1040 ob

164 1085 281 1143 decreta
294 1088 503 1163 interponenda
518 1090 670 1162 pecuniam
684 1087 839 1161 acceperit,
853 1086 901 1162 qui
917 1086 959 1142 Μ.
976 1087 1031 1144 Oc-

166 1184 279 1241 tavium
293 1187 429 1260 Ligurem
439 1190 476 1244 ob
483 1188 533 1261 jus
543 1188 700 1245 dicundum
714 1183 898 1260 poposcerit?
917 1184 938 1215 ⁴²
948 1185 1033 1257 Quod

167 1281 248 1338 enim
261 1282 316 1341 iste
330 1296 478 1358 praeterea
491 1305 581 1361 genus
595 1286 736 1359 pecuniae
755 1286 903 1358 cogendae
924 1288 1033 1356 praete·

168 1378 237 1437 riitt
257 1384 333 1456 quod
347 1403 415 1453 non,
429 1389 465 1443 ab
479 1386 612 1443 omnibus
627 1385 693 1441 aliis
710 1384 904 1456 praeteritum,
918 1382 1034 1455 excogi-

168 1477 266 1537 tavit?
287 1482 387 1556 Ecqua
401 1503 446 1541 res
460 1486 534 1556 apud
550 1484 688 1539 civitates
704 1483 818 1538 Siculas
834 1481 988 1553 expetitur,
1004 1481 1035 1538 in

170 1594 226 1650 qua
240 1582 289 1635 aut
303 1581 393 1637 honos
414 1582 515 1655 aliquis
530 1582 577 1647 sit,
591 1585 639 1636 aut
653 1586 789 1653 potestas,
803 1584 852 1635 aut
865 1578 1036 1651 procuratio,

166 1676 239 1749 quin
250 1695 315 1735 eam
324 1697 384 1735 rem
396 1685 424 1735 tu
436 1681 472 1737 ad
484 1685 563 1736 tunm
573 1683 731 1753 quaestum,
742 1677 1036 1751 nundinationemque

172 1774 321 1834 homiuum
343 1777 523 1836 traduxeris?
552 1778 643 1836 Dicta
667 1783 734 1835 sunt
757 1777 849 1850 priore
871 1776 987 1833 actione
1007 1779 1089 1838 etus

174 1873 311 1947 privatim
333 1880 363 1932 et
384 1878 500 1948 publice
523 1877 703 1933 testimonia:
735 1876 824 1946 legati
846 1873 1038 1944 Centuripini,

175 1972 320 2039 Halesini‚
335 1972 519 2036 catinenses,
534 1970 788 2043 Panormitanique
811 1970 956 2035 dixerunt,
970 1972 1040 2025 mul·

175 2073 267 2125 tarum
282 2073 430 2142 praeterea
450 2070 622 2127 civitatum:
637 2070 700 2141 jam
716 2087 786 2125 vero
801 2068 935 2141 privatim
957 2066 1041 2139 pluri·

175 2166 234 2223 mi:
256 2184 373 2241 quorum
386 2186 425 2225 ex
438 2168 611 2225 testimoniis
629 2185 805 2242 cognoscere
826 2167 966 2241 potuistis,
981 2171 1041 2222 tota

179 2265 283 2322 Sicilia
297 2285 348 2339 per
359 2267 512 2325 triennium
525 2269 671 2325 neminem
685 2270 744 2325 ulla
756 2267 919 2325 incivitate
931 2273 1042 2323 senato·

179 2381 239 2420 rem
263 2364 371 2424 lactum
395 2385 458 2424 esse
481 2369 585 2440 gratis:
607 2369 763 2432 neminem,
790 2373 821 2422 ut
845 2369 923 2437 leges
944 2382 1043 2422 eorum

178 2468 255 2529 sunt,
268 2463 408 2535 suffragiis
420 2485 427 2519 :
448 2465 605 2530 neminem,
626 2465 683 2520 nisi
697 2464 778 2518 istius
794 2463 922 2532 imperio,
935 2467 985 2517 aut
1000 2462 1044 2517 lit·

181 2559 267 2616 teris:
287 2557 308 2589 ⁴³
319 2565 403 2633 atque
417 2560 449 2616 in
463 2561 508 2616 his
523 2562 656 2616 omnibus
671 2559 850 2615 senatoribus
864 2557 1045 2630 cooptandis,

182 2673 241 2714 non
256 2657 340 2711 modo
354 2657 487 2732 suffragia
495 2660 574 2714 nulla
585 2657 681 2724 luisse,
695 2657 747 2711 sed
761 2674 798 2711 ne
812 2673 917 2729 genera
930 2656 1046 2729 quidem

183 2758 408 2827 spectarasne,
430 2772 469 2810 ex
491 2755 592 2827 quibus
616 2755 647 2810 iu
675 2771 741 2809 eum
765 2754 893 2809 ordinem
918 2754 1048 2826 cooptari

183 2852 295 2919 liceret,
317 2869 409 2924 neque
433 2868 546 2918 census,
574 2870 666 2925 neque
695 2849 808 2916 aetatis,
832 2868 923 2922 neque
951 2856 1049 2907 cetera

187 2948 350 3007 Siculomm
357 2949 424 3022 jura
436 2928 572 3007 valuisse.
607 2950 787 3021 Quicumque
799 2953 915 3005 senator
925 2947 1050 3005 voluerit

187 3048 258 3115 lieri,
271 3049 402 3121 quamvis
417 3068 495 3123 puer,
509 3048 640 3123 quamvis
653 3046 798 3120 indignus,
812 3045 943 3120 quamvis
957 3064 995 3103 ex
1015 3065 1051 3104 eo

188 3146 263 3214 loco,
277 3165 315 3204 ex
326 3165 381 3221 quo
395 3167 453 3206 non
468 3149 583 3217 liceret3
605 3146 629 3203 si
643 3145 667 3202 is
682 3144 775 3220 pretio
788 3146 864 3218 apud
877 3143 963 3202 istum
975 3144 1052 3204 ⁴4lie·

221 3300 244 3332 ⁴²
258 3300 324 3353 Quod
331 3301 437 3347 mimirtr
444 3303 524 3362 prust]
549 3299 839 3349 Addidimusiatseduobur
849 3297 906 3344 Mss.
917 3300 1052 3346 veterrimis:

190 3359 251 3416 mjus
259 3359 373 3415 vestigium
384 3364 417 3404 est
425 3359 491 3404 etiam
501 3360 523 3404 in
533 3360 590 3411 aliis,
602 3375 641 3404 scr.
654 3365 676 3405 et
693 3359 743 3404 edd.
755 3358 793 3418 qui
803 3358 838 3403 hio
849 3358 932 3404 habent
942 3363 978 3405 est.
1009 3364 1054 3406 Ac-

191 3417 286 3464 sumitur
292 3418 339 3475 jam
349 3416 446 3463 membra
455 3417 496 3462 sibi
506 3418 638 3477 respondent
648 3417 670 3462 in
681 3417 722 3471 his,
732 3417 772 3461 isto
786 3442 795 3449 -
808 3442 818 3450 ·
832 3415 881 3460 ulti.

222 3495 245 3526 ⁴³
258 3499 321 3553 utque
334 3494 360 3541 in
374 3495 416 3552 tis,
426 3500 469 3541 etc.
512 3493 657 3541 Restitnimus
666 3495 700 3547 in,
717 3493 775 3553 quod
785 3493 867 3538 excidit
876 3492 899 3537 in
911 3493 946 3536 ed.
956 3490 1053 3537 Gmten'.

193 3552 247 3598 Post
256 3554 376 3608 conpendio
386 3553 447 3599 nohis
457 3569 471 3599 a
480 3553 539 3614 iquid
550 3552 676 3612 suspicionis
683 3556 764 3596 movet.
791 3551 868 3596 Potest
874 3550 932 3595 euim
941 3550 1055 3595 commode

193 3611 280 3657 abesse:
297 3626 337 3656 nec
347 3611 381 3657 hic
390 3613 504 3672 cooptatio
515 3612 586 3656 locum
595 3610 672 3657 habuit
682 3626 688 3667 ;
704 3625 745 3654 nec
753 3608 856 3667 suffragia
866 3609 960 3653 luerunt.

223 3689 245 3720 ⁴⁴
251 3688 320 3744 ficret
325 3690 424 3741 idomas,
435 3695 460 3735 ut
471 3689 582 3748 marmot]
609 3687 645 3734 Sic
655 3688 704 3733 edd.
716 3692 770 3733 vett.
796 3686 840 3734 Sed
848 3683 899 3730 libri
908 3698 949 3728 scr.
961 3683 1056 3740 variant,

195 3746 319 3794 omittendo
329 3749 395 3793 modo
403 3747 479 3804 fieret,
490 3748 556 3793 modo
565 3750 598 3801 ut,
614 3746 680 3792 modo
690 3752 813 3805 utmrnque.
845 3744 902 3789 Saue
912 3742 1001 3800 languet
1010 3743 1057 3788 vul·

191 3810 279 3867 Acetum,
289 3810 385 3866 putoque
394 3806 524 3855 Ciceronem
534 3804 644 3865 scripsisse
651 3810 698 3863 aut„
708 3804 728 3851 ri
741 3805 762 3850 tr
772 3801 842 3860 predo
847 3799 916 3857 ficret
923 3800 1023 3861 mmor,
1032 3805 1060 3849 ut
