2700 4675
546 589 775 642 mummius.
849 579 862 595 ²
1032 585 1094 650 tte

221 732 383 806 periculum
392 740 447 793 est.
489 736 569 810 Quid
581 741 628 796 est
636 736 733 812 igion,
746 735 822 811 qnod
835 732 900 792 fieri
911 728 1023 807 possiti
1035 746 1097 788 non

220 831 384 899 obscurum,
417 832 530 908 opinor,
562 852 657 909 neque
691 832 902 892 absconditum.
957 831 1099 889 Fructum

224 928 314 987 istum
326 930 430 998 tondis,
443 931 494 1006 qui
508 950 547 990 ex
562 937 699 1006 perpetua
712 931 845 990 oratione
865 927 977 1006 percipi
995 926 1099 1003 potnit,

223 1026 257 1086 in
276 1026 336 1084 alia
354 1032 486 1103 tempora
499 1045 697 1088 reservemus:
721 1047 800 1088 nunc
818 1028 967 1088 bominem
982 1026 1099 1095 tabulis,

227 1125 361 1195 testibus,
374 1126 495 1202 privatis
508 1128 688 1204 publicisque
706 1127 809 1186 litteris
823 1126 1099 1200 auctoritatibusque
1141 1151 1144 1156 ¹

229 1238 409 1284 accusemus.
449 1226 509 1286 Res
530 1228 624 1286 omnis
650 1227 724 1286 mihi
743 1233 841 1286 tecum
862 1226 927 1295 erit,
949 1224 1097 1285 Hortensi.

230 1320 339 1382 Dicam
361 1328 469 1398 aperte.
511 1326 545 1384 Si
566 1332 596 1384 te
615 1344 732 1385 mecum
752 1326 879 1384 dicendo
895 1342 933 1384 ac
953 1324 1099 1382 diluendis

231 1419 399 1486 criminibus
421 1422 455 1481 in
479 1424 536 1483 bno
556 1442 645 1482 causa
670 1426 850 1484 contendere
873 1427 1019 1497 putarem3
1045 1437 1103 1496 ego

230 1536 342 1596 quoque
356 1520 389 1580 in
402 1524 577 1595 accusando,
590 1528 675 1598 atque
688 1524 722 1581 in
735 1521 919 1597 explicandis
932 1520 1102 1582 criminibus

229 1632 347 1692 operam
368 1636 579 1679 consumerem.
594 1639 683 1691 nunc,
702 1621 839 1698 quoniam
858 1638 985 1696 pugnare
998 1623 1102 1680 contre

230 1730 278 1772 me
292 1715 452 1787 instituisti,
466 1738 526 1778 non
544 1725 605 1778 tam
617 1739 656 1779 ex
670 1725 845 1791 tornatura,
864 1738 951 1796 quam
964 1738 1004 1778 ex
1017 1718 1102 1778 istius

232 1815 363 1887 tempore
381 1809 413 1874 et
431 1835 527 1887 causa,
547 1819 710 1890 malitiose3
734 1837 856 1880 necesse
875 1826 921 1877 est
939 1817 1103 1878 istiusmodi

235 1910 343 1970 rationi
361 1915 459 1990 aliquo
476 1916 601 1973 consilio
621 1918 770 1976 obsistere.
813 1919 882 1975 'l'na
902 1918 977 1975 ratio
994 1923 1049 1984 eet,
1071 1921 1105 1976 ot

236 2011 398 2068 secundum
412 2013 494 2071 binos
515 2015 598 2072 ludos
611 2016 684 2086 mibi
697 2017 869 2090 respondere
882 2015 1017 2089 incipias.
1030 2032 1106 2083 mea,

237 2110 271 2164 nt
281 2112 350 2165 ante
363 2109 469 2182 primos
482 2113 564 2170 iudos
578 2114 841 2188 comperendinem.
882 2115 928 2172 lta
940 2114 1000 2181 fiet,
1011 2117 1043 2171 ut
1055 2118 1106 2170 tua

236 2203 295 2263 ista
315 2206 389 2265 ratio
413 2209 595 2269 existimetur
612 2217 722 2272 astuta:
744 2230 840 2271 meum
861 2214 918 2270 hoc
940 2211 1105 2280 consilium,

238 2308 443 2368 necessarium.
483 2312 595 2371 Verum
614 2312 695 2380 illud,
708 2314 784 2388 quod
796 2311 978 2370 institueram
997 2310 1158 2379 dicatam

237 2405 310 2464 mibi
324 2426 385 2467 rem
398 2417 496 2469 tecum
505 2429 584 2485 essa
593 2411 757 2486 hujusmodi
766 2417 821 2468 est
862 2412 936 2484 Ego,
948 2427 1016 2467 cum
1030 2411 1107 2467 benc

239 2520 367 2575 oausam,
394 2508 558 2566 Siculorum
584 2515 686 2582 rogatu
713 2508 897 2581 recepissem,
922 2507 1009 2580 idque
1035 2505 1109 2563 mihi

241 2605 370 2675 amplum
381 2610 413 2661 ct
431 2609 609 2678 praectarum
629 2606 851 2673 existimassem,
871 2623 921 2683 eos
935 2607 1014 2662 velte
1025 2620 1109 2661 meae

241 2699 311 2758 fidei
324 2701 550 2778 diligentiaeque
571 2704 729 2776 pericolum
742 2705 848 2772 iacere,
861 2704 910 2779 qui
922 2703 1110 2769 innocentiae

243 2800 494 2878 abstinentiaeque
524 2803 681 2861 fecissent:
715 2809 785 2872 tum,
817 2809 950 2877 suscepto
983 2803 1110 2878 negotio,

243 2900 335 2973 majus
348 2900 421 2959 mibi
434 2900 571 2977 quiddam
590 2902 743 2976 proposoi;
764 2902 795 2959 in
809 2918 866 2976 quo
886 2919 982 2958 meam
994 2899 1026 2958 in
1039 2917 1112 2957 rem·

245 2999 390 3071 publicam
417 3003 598 3061 voluntatem
624 3003 745 3076 populos
775 3001 923 3068 Romanus
948 2997 1111 3072 perspicere

246 3104 351 3175 posset
392 3072 471 3157 idam
480 3100 551 3158 iliud
565 3101 640 3159 mihi
653 3116 832 3176 nequaquam
842 3098 961 3172 dignum
971 3097 1112 3155 industris

246 3201 407 3270 conatuque
421 3216 487 3255 meo
500 3199 660 3267 videbatur,
671 3200 757 3274 istum
771 3216 846 3257 ame
858 3198 890 3256 in
897 3196 1042 3271 judicium
1046 3197 1112 3269 jam

247 3293 376 3351 omnium
387 3295 748 3367 judiciocondemnatum
773 3297 881 3364 vocari,
905 3296 962 3354 nisi
986 3296 1042 3353 ista
1063 3301 1113 3352 tua

250 3389 440 3450 intolerabilis
460 3362 599 3467 potentia,
619 3401 649 3452 et
661 3413 699 3452 ea
710 3395 864 3469 cupiditas,
884 3412 940 3469 qna
954 3412 1005 3467 per
1024 3394 1113 3449 hosce

250 3505 343 3547 annos
361 3489 393 3547 in
412 3490 579 3565 quibusdam
595 3492 717 3566 judiciis
741 3510 808 3548 usos
825 3510 866 3561 ee,
885 3492 974 3550 etiam
987 3492 1019 3549 in
1031 3489 1115 3545 istius

249 3589 376 3647 bominis
389 3586 533 3662 desperati
551 3608 639 3650 causa
652 3590 890 3664 interponeretur.
931 3591 1019 3648 Nunc
1035 3601 1115 3655 vero,

250 3689 387 3764 quoniam
401 3689 475 3746 haec
486 3694 517 3746 te
529 3691 622 3748 omnis
634 3691 794 3748 dominatio
807 3706 983 3766 regnumque
990 3681 1116 3759 judicio·

249 3805 314 3848 rum
324 3792 476 3862 tantopere
484 3789 620 3858 deiectat,
631 3793 662 3847 et
674 3792 742 3847 sunt
753 3788 897 3854 homines,
907 3800 978 3859 quo·
988 3781 1121 3841 libidini·-
