2700 4675
213 545 284 597 aer.
302 550 330 598 n.
346 548 444 602 anan
457 552 632 606 munera
794 566 856 627 337

144 704 155 745 r
170 700 287 753 senatus
301 703 483 761 consultoris
503 704 616 779 oppidis
632 704 796 765 Siculorum
808 710 857 765 rte·

144 790 297 867 igentum3
318 806 434 860 earrturn
455 809 501 862 est
520 805 550 863 in
575 805 722 879 Scipionis
735 807 856 881 legibus,

147 902 245 952 essent
255 896 285 953 in
296 905 396 958 senatu
408 920 445 959 ex
454 906 621 962 colonorum
630 918 760 972 numero,
769 921 856 979 quam

144 1007 180 1048 tre
204 994 468 1071 Agrigentinorum.
511 1004 580 1071 iste,
602 1002 650 1078 qui
674 1004 773 1060 omnia
786 1004 854 1076 jura

144 1104 289 1168 equosset,
302 1100 486 1176 omniumque
500 1118 593 1159 rerum
607 1103 754 1158 delectum
767 1106 853 1176 atque

164 1198 288 1267 moenia
309 1201 485 1259 sustulisset:
508 1217 566 1258 non
589 1200 675 1257 modo
697 1200 759 1268 illa,
777 1214 852 1275 quae

144 1293 204 1364 rtis,
231 1300 349 1367 ominis,
371 1306 571 1376 quaestusque,
594 1298 771 1372 penniaeuit,
797 1298 851 1354 sed

144 1391 173 1448 ris
186 1396 296 1455 duobus
309 1401 473 1475 generibus,
486 1399 598 1457 civium
614 1412 755 1455 novomm
769 1402 850 1452 vete·

144 1492 264 1553 electum
285 1498 472 1575 ordinemque
494 1496 630 1555 turbavit.
672 1494 760 1560 Nam,
780 1510 850 1551 oum

144 1594 252 1650 elerum
274 1614 394 1654 numero
407 1598 523 1672 quidem
543 1600 661 1654 senator
673 1595 849 1659 demortuus,

155 1693 272 1766 utroque
285 1712 392 1768 genere
406 1712 602 1770 pernumerare
617 1693 743 1767 reliquus
753 1696 845 1747 esset:

144 1792 257 1861 :oopurl
277 1812 397 1850 necesse
421 1800 483 1851 erat
505 1795 625 1868 legibus,
640 1797 671 1849 ut
685 1792 711 1847 is
724 1789 849 1862 amplior

144 1890 210 1943 sset.
252 1890 335 1960 Quae
349 1908 415 1948 cum
429 1893 472 1951 ila
482 1910 514 1949 se
527 1910 573 1947 res
589 1892 725 1947 haberetr
745 1894 846 1949 lamen

144 1993 270 2043 ’enenrnt
281 1995 389 2045 emtum
400 1992 496 2046 locum
507 1990 589 2045 illum
598 1984 775 2044 senatorium
785 2004 845 2043 non

144 2100 213 2151 eres,
235 2087 287 2140 sed
308 2086 397 2141 etiurn
416 2086 495 2142 novi.
516 2086 558 2152 fit,
580 2090 613 2142 ut
634 2085 729 2159 pretio
749 2102 844 2142 novus

144 2184 277 2255 lenesque
295 2200 313 2237 a
334 2189 466 2254 praetore
487 2182 605 2238 auferat.
656 2181 845 2256 Agrigentini

144 2285 236 2353 egatos
251 2280 377 2344 mittunt,
391 2278 439 2351 qui
453 2294 520 2333 eum
535 2280 614 2352 leges
627 2280 764 2348 doceant,
775 2296 845 2337 eon-

144 2393 212 2451 rque
221 2377 350 2433 omniurn
361 2391 501 2431 annonam
509 2377 728 2434 demonstrent:
747 2377 845 2434 utiste

144 2479 161 2540 t,
172 2474 200 2531 ei
213 2491 245 2530 se
256 2473 337 2529 illurn
351 2475 448 2528 locurn
462 2473 639 2542 vendidisse,
653 2475 702 2532 cui
715 2493 754 2532 ne
766 2491 845 2532 com·

144 2571 240 2627 uidern
250 2587 315 2626 esse
328 2575 483 2643 oporteret.
504 2589 625 2645 quonrm
636 2573 768 2630 oratione
778 2572 845 2638 iste,

145 2683 177 2723 rn
184 2668 248 2740 jam
259 2668 430 2740 accepisset,
441 2686 478 2726 ne
486 2672 629 2728 lentulum
639 2671 757 2747 quidem
767 2687 845 2729 coln·

188 2767 271 2823 lrlem
292 2765 364 2824 lecit
389 2769 561 2828 Heracleae.
583 2787 651 2828 narn
675 2787 713 2828 eo
733 2787 846 2846 quoque

157 2861 293 2938 Rupilius
311 2865 442 2934 ‹leduxit
454 2871 590 2944 legesque
611 2869 722 2926 similes
740 2870 779 2925 (le
797 2883 846 2924 eo

144 2971 232 3033 natu,
245 2981 281 3022 ac
303 2965 341 3023 ds
362 2984 481 3025 numero
502 2973 635 3025 veterum
648 2985 684 3025 ao
704 2981 847 3025 novorum

164 3083 228 3128 non
242 3067 333 3124 solum
347 3065 413 3134 iste,
422 3073 455 3125 ul
468 3069 544 3141 apud
557 3073 680 3135 eeteros,
693 3067 848 3141 pecuniam

144 3163 154 3222 Ι
173 3170 269 3232 eliam
282 3185 388 3242 genera
402 3172 533 3225 velerum
547 3184 582 3225 ac
596 3183 738 3225 novorum
751 3183 849 3224 nume·

146 3325 200 3380 tet
208 3341 223 3376 ρ
232 3324 282 3373 liv.
293 3326 329 3378 27,
340 3325 375 3368 ³6.
391 3322 430 3369 ubi
439 3321 460 3368 ei
470 3319 583 3384 provintia
601 3319 679 3368 Sicilia
687 3321 789 3368 evenias
796 3320 851 3366 diei·

146 3381 160 3430 i
182 3386 237 3440 libri
262 3383 335 3430 uidam
344 3381 425 3427 trahent
435 3381 544 3436 Manlius.
555 3381 622 3428 solita
631 3379 766 3428 contusione.
798 3379 851 3426 Pro

144 3443 192 3498 Ο,
204 3453 229 3496 st
239 3400 268 3492 i*-
279 3455 345 3502 saepe
354 3439 376 3486 in
385 3439 443 3487 Mn.
455 3447 613 3501 permutentur.

159 3527 247 3588 Age]
278 3519 369 3570 servavi
385 3532 434 3566 crum
452 3517 550 3566 (immo
563 3523 641 3573 ocare,
657 3531 707 3564 nrm
723 3515 771 3572 elii,
784 3514 853 3562 etiam
968 3563 975 3576 ,

144 3591 223 3636 *tint
232 3589 334 3637 αίιηηι,
342 3579 402 3626 reiut
411 3579 532 3624 omnia
540 3577 683 3624 eonectione.
709 3575 753 3622 Sed
762 3573 853 3634 planum

145 3637 208 3694 hie
221 3657 269 3690 esee
284 3656 362 3702 genum
379 3645 404 3686 ut
418 3653 437 3684 c.
451 3641 486 3684 llll.
496 3635 554 3696 quod
567 3650 641 3694 genus
656 3634 778 3686 hminum.
790 3645 854 3692 quem

144 3703 301 3754 *tudinem
316 3699 416 3758 mern
428 3696 500 3768 ples?
514 3699 587 3742 utrum
600 3693 661 3742 dicas
670 3695 732 3740 udus
747 3703 855 3739 numm

144 3755 563 3817 *quemmmhilreicrlr
577 3753 620 3802 nisi
635 3751 762 3816 quolillul
775 3755 854 3798 estex·
