2700 4675
262 569 322 627 rao
590 552 790 610 ’ΝΜ

259 710 357 767 civem
372 709 544 776 Romanum,
554 707 603 783 qui
615 706 778 780 cognitores
786 703 924 763 homines
931 704 1080 763 honestos
1093 708 1140 765 da-

259 814 312 875 ret,
326 811 468 866 sublatum
482 826 546 865 esse
565 810 596 866 in
609 824 726 863 crucem
738 805 884 861 dixenmt.
929 805 1067 864 Credent
1080 824 1135 863 ons

259 924 312 962 nes
326 925 347 962 v
361 913 391 964 et
415 925 479 964 xxx
499 906 590 964 tribus
609 905 721 963 homini
741 902 914 977 gravissimo
935 908 1026 976 atque
1054 922 1133 961 orna-

259 1004 371 1061 tissimo
385 1004 428 1061 M.
445 1005 555 1072 Annio,
566 1005 623 1078 qui,
634 1023 666 1061 se
681 1005 841 1077 praesente,
855 1001 956 1059 civem
967 1002 1132 1061 Romanum

260 1102 353 1158 securi
366 1119 532 1175 percussum
545 1119 609 1157 esse
623 1101 707 1157 dixit.
723 1102 855 1157 audietur
867 1117 885 1156 a
905 1102 1017 1173 populo
1031 1103 1132 1160 Rorna-

258 1217 298 1257 no
319 1198 365 1255 vir
391 1199 551 1273 primarius,
570 1216 658 1273 eques
682 1198 840 1266 Romanus,
862 1200 898 1255 L.
925 1199 1060 1267 Flavius,
1083 1200 1129 1275 qni

259 1316 342 1355 suum
355 1298 526 1357 familiarem
542 1297 731 1365 Herennium,
741 1297 954 1370 negotiatorem
967 1316 1007 1355 ex
1018 1299 1127 1366 Attica,

259 1415 326 1455 cum
350 1415 416 1454 eum
440 1398 592 1470 Syracusis
612 1396 734 1469 amplius
756 1403 875 1453 centum
895 1396 980 1453 cives
1002 1396 1126 1455 Romani

259 1501 478 1569 cognoscerent,
491 1498 739 1569 lacrymantesque
759 1494 957 1561 defenderent,
979 1511 1028 1568 pro
1043 1495 1128 1553 testi·

259 1594 357 1650 monio
371 1594 455 1659 dixit,
469 1594 563 1650 securi
577 1612 641 1649 esse
662 1610 837 1665 percussum.
880 1593 1022 1651 Probabit
1033 1594 1127 1663 tidem,

259 1690 513 1756 etauctoritatem,
527 1696 557 1747 et
572 1690 741 1763 religionem
755 1708 836 1763 suam
850 1692 886 1747 L.
903 1692 1032 1760 Suetius,
1047 1695 1129 1750 borno

259 1789 392 1845 omnibus
406 1791 583 1845 ornamentis
603 1789 758 1861 praeditus,
772 1788 821 1861 qni
836 1789 949 1860 juratus
978 1793 1054 1864 apud
1079 1809 1128 1849 vos

259 1887 344 1954 dixit,
358 1890 463 1944 multos
477 1887 560 1943 cives
572 1889 720 1944 Romanos
734 1887 766 1943 in
773 1870 933 1945 'lautumiis
946 1888 1031 1946 istius
1044 1890 1130 1963 impa-

259 1986 303 2043 rio
316 1986 512 2043 crudelissime
527 2005 577 2059 per
591 1987 652 2043 vim
666 1994 757 2042 morte
772 2003 836 2041 essa
856 1990 1004 2045 multatos.
1045 1990 1129 2046 Hanc

260 2103 316 2156 ego
329 2102 447 2141 causam
460 2103 526 2141 cum
548 2103 631 2159 agam
653 2084 797 2141 beneficio
820 2087 919 2157 populi
945 2087 1129 2154 Romanids

260 2184 327 2236 loco
340 2183 495 2252 superiore,
510 2200 568 2238 non
585 2200 696 2249 vereor,
716 2201 753 2239 ne
767 2187 817 2239 aut
839 2182 925 2239 istum
947 2185 996 2241 vis
1020 2188 1078 2242 ulla
1091 2202 1129 2243 ex

257 2277 356 2351 populi
371 2278 496 2333 Romani
509 2279 650 2354 suffragiis
665 2280 787 2353 eripere,
802 2287 851 2338 aut
872 2299 889 2338 a
904 2300 951 2340 me
966 2286 1059 2342 ullum
1072 2301 1128 2343 mu·

258 2394 311 2435 nus
326 2377 482 2436 aedilitatis
491 2379 614 2453 amplius
623 2384 672 2437 aut
683 2381 792 2455 gratius
803 2383 909 2454 populo
922 2383 1060 2443 Romano
1068 2400 1129 2441 essa

258 2477 360 2550 possit.

228 2583 247 2643 6
309 2578 490 2649 Quapropter
510 2593 611 2633 omnes
636 2575 667 2634 in
693 2578 749 2634 hoc
766 2575 881 2648 judicio
907 2583 1054 2636 conentur
1073 2596 1129 2636 orn

257 2674 323 2729 nia:
357 2674 431 2729 nihil
465 2680 509 2731 est
536 2675 608 2748 jam,
641 2678 717 2750 quod
743 2677 775 2734 in
803 2680 858 2734 hac
887 2692 978 2734 causa
1011 2694 1130 2752 peccam

155 2838 158 2844 Ι
259 2771 418 2845 quisquam,
436 2772 562 2844 judices,
583 2775 639 2832 nisi
656 2781 754 2832 vestro
769 2777 906 2848 periculo,
920 2776 1023 2850 possit.
1065 2779 1130 2834 Mea

258 2869 374 2944 quidem
396 2871 478 2939 ratio,
506 2889 572 2929 cum
596 2873 627 2930 in
649 2875 812 2947 praeteritis
835 2878 917 2931 rebus
936 2881 984 2931 est
1006 2876 1130 2950 cogno,

258 2974 318 3026 tum
341 2969 372 3025 in
392 2971 509 3044 reliquis
533 2975 684 3044 explorata
705 2979 791 3046 atque
819 2973 935 3046 provisa
961 2980 1020 3032 est
1070 2976 1129 3049 ugo

259 3082 355 3120 meum
370 3069 496 3123 studium
509 3069 540 3124 in
555 3070 762 3142 rempublicam
777 3072 841 3143 jam
864 3072 916 3127 illo
937 3076 1070 3146 tempore
1090 3090 1130 3130 or·

258 3160 348 3224 tendi,
369 3178 435 3217 curn
457 3166 544 3235 longo
565 3165 722 3226 intervallo
746 3175 875 3226 veterem
888 3171 1129 3228 consuetudinem

258 3257 352 3323 retuli,
367 3264 397 3313 et
411 3267 510 3330 rogatu
525 3261 666 3321 sociorum
688 3272 772 3340 atque
786 3268 943 3324 amicorum
961 3270 1066 3343 populi
1079 3270 1130 3326 Ro·

257 3356 346 3422 mani,
373 3374 499 3413 meorum
521 3363 618 3416 autem
632 3365 867 3431 necessariorum,
881 3382 991 3423 nomen
1007 3367 1129 3424 hominia

257 3454 442 3513 audacissimi
470 3457 570 3513 detuli.
613 3461 699 3531 Quod
722 3480 816 3519 meum
847 3465 957 3520 tactum
979 3463 1130 3522 lectissimi

217 3562 223 3575 ’
257 3555 314 3612 viri
335 3560 420 3627 atque
442 3555 625 3625 ornatissimi,
649 3555 768 3635 (quoin
790 3576 939 3617 numeros
955 3563 1043 3619 vobis
1056 3578 1128 3619 com·

257 3657 351 3726 plures
373 3650 474 3729 suere)
496 3653 537 3708 ita
560 3659 722 3726 probarunt,
741 3663 773 3714 ut
786 3658 823 3723 ei,
837 3658 886 3731 qui
901 3659 985 3716 istius
1000 3666 1130 3735 quaestor

257 3751 365 3822 luisset,
378 3756 409 3810 et
428 3753 465 3810 ab
478 3751 535 3810 isto
547 3753 641 3813 laesus
654 3754 823 3816 inimicitias
839 3754 935 3830 justas
949 3774 1129 3836 persequere·
