2700 4675
571 585 755 638 orvmrrro.
1049 588 1107 651 lot

241 753 364 797 necesse
377 738 561 794 atterutrum:
583 737 636 793 sed
649 752 705 809 ego
719 739 818 793 tecum
830 729 912 791 ineo
930 750 991 791 non
1004 750 1110 807 pugna·

239 838 288 903 bo,
302 852 359 909 quo
374 833 477 900 minus,
491 838 586 891 utrum
599 833 685 900 vetis,
705 832 806 909 eligas.
848 832 936 904 Quid,
947 832 972 889 si
989 850 1027 889 ne
1038 831 1111 904 inju-

235 935 297 993 riae
311 933 439 1007 quidem,
448 949 521 1005 quae
533 931 587 987 tibi
597 933 633 987 ab
647 930 786 987 ittofscta
800 928 847 998 sit,
856 948 944 989 causa
957 929 1112 989 remanet?

237 1031 308 1106 quid
322 1031 422 1097 habes,
433 1031 508 1104 quod
523 1028 613 1103 possis
622 1028 730 1097 dicere,
745 1030 929 1103 quamobrem
945 1048 1002 1088 non
1026 1030 1112 1087 modo

238 1127 324 1195 mihi,
345 1128 396 1184 sed
410 1128 543 1203 cuiquam
563 1124 760 1200 anteponere?
780 1127 838 1184 uisi
852 1129 925 1185 torte
935 1129 1019 1197 iilud,
1034 1129 1110 1203 quod

239 1226 387 1284 dicturum
396 1231 424 1283 te
435 1244 499 1283 esse
509 1225 602 1295 audio,
611 1230 793 1301 quaestorem
807 1226 885 1284 itlius
897 1227 993 1285 fuisse.
1026 1227 1110 1298 Quae

238 1342 326 1384 causa
335 1324 431 1399 gravis
440 1330 525 1392 esset,
533 1326 559 1382 si
569 1329 696 1381 certares
707 1341 832 1391 mecum,
846 1330 910 1381 uter
922 1330 1051 1382 nostrum
1065 1324 1109 1380 iili
1154 1309 1158 1318 ⁸

235 1423 357 1481 amicior
370 1442 434 1481 esse
448 1426 585 1481 deberet:
606 1423 638 1479 in
651 1422 845 1479 contentione
865 1422 1112 1494 suscipiendarum

235 1521 466 1589 inimicitiarum,
480 1521 633 1579 ridiculum
655 1527 699 1577 est
720 1526 830 1594 putare,
848 1538 965 1579 causam
987 1522 1111 1579 necessi·

234 1620 344 1679 tudinis
358 1623 395 1677 ad
413 1621 596 1677 inferendum
610 1620 771 1693 periculum
785 1620 895 1693 justam
916 1620 1009 1677 videri
1029 1638 1111 1695 opor·

235 1724 307 1777 tere.
348 1720 476 1788 Etenim,
490 1719 515 1775 si
531 1719 666 1791 plurimas
681 1737 698 1774 o
719 1725 769 1775 tuo
782 1728 912 1791 praetore
926 1719 1048 1792 injurias
1062 1737 1109 1777 ac·

233 1816 379 1889 cepissem
400 1823 498 1874 tamen
512 1834 561 1873 eos
576 1818 704 1883 terendo,
718 1817 855 1890 majorem
874 1818 1000 1885 taudem,
1023 1836 1109 1892 quam

234 1914 414 1981 ulciscendo,
423 1932 582 1971 mererere:
604 1932 673 1969 curn
687 1931 758 1969 vero
772 1916 883 1970 nultum
904 1915 982 1971 iltius
1001 1919 1031 1971 in
1047 1916 1110 1972 vita

235 2011 346 2069 rectius
361 2012 468 2067 tactum
483 2011 530 2077 sit,
541 2027 626 2084 quam
637 2010 676 2077 id,
690 2012 764 2084 quod
773 2016 803 2066 tu
817 2010 953 2083 injuriam
962 2016 1109 2085 appellas3

237 2108 269 2166 hi
293 2113 429 2178 statuent,
452 2110 528 2165 hauc
546 2125 673 2175 causam,
699 2114 783 2182 quam
808 2128 846 2166 ue
868 2109 899 2166 in
919 2110 978 2167 aiio
991 2111 1109 2185 quidem

235 2209 400 2281 probarent,
417 2209 447 2265 in
462 2213 491 2282 te
497 2208 608 2281 justam
629 2209 666 2263 ad
681 2207 924 2266 necessitudinem
940 2210 1107 2270 violandam

233 2304 351 2366 videri?
371 2308 428 2384 qui,
442 2308 467 2365 si
477 2325 616 2365 summum
630 2306 765 2380 iujuriam
781 2310 818 2366 ab
828 2308 880 2366 itto
894 2309 1043 2384 accepisti,
1065 2316 1105 2370 ta-

231 2424 311 2474 men,
325 2408 460 2482 quoniam
471 2413 607 2490 quaestor
621 2407 683 2478 ejus
695 2407 785 2474 fuisti,
796 2426 854 2464 uon
864 2413 947 2480 potes
961 2426 1027 2464 eum
1041 2409 1105 2467 sine
1171 2470 1173 2474 ,

231 2507 293 2563 utta
307 2505 523 2578 vituperatione
549 2521 704 2560 accusare:
726 2504 751 2559 si
765 2521 837 2559 vero
859 2506 940 2560 nutis
962 2505 1106 2563 tibisacta

230 2608 276 2660 est
284 2602 399 2677 injuria,
408 2603 471 2659 sine
479 2603 590 2658 scelere
602 2618 669 2658 eum
677 2617 814 2656 accusare
823 2618 882 2658 nou
892 2606 983 2674 potes.
1008 2604 1104 2675 Quare

230 2718 299 2760 cum
314 2701 459 2759 incertum
474 2700 514 2757 sit
534 2700 571 2756 de
596 2699 714 2773 injuria,
727 2717 900 2774 quemquam
918 2718 982 2758 esse
1001 2703 1102 2762 borum

231 2806 326 2876 putas,
339 2799 389 2874 qui
404 2816 462 2857 uon
476 2797 569 2866 malit,
583 2802 613 2854 te
623 2797 692 2855 siue
707 2796 928 2872 vituperatione,
936 2818 1021 2874 quam
1034 2819 1102 2860 cum

231 2902 351 2966 scelere,
365 2894 537 2956 discedere?

270 2995 292 3028 ²⁹
303 2999 345 3056 At
359 2997 437 3064 vide,
451 2996 518 3072 quid
544 2995 658 3053 differat
671 2985 749 3052 inter
769 3011 864 3052 meam
884 2994 1051 3068 opinionem
1064 3014 1100 3056 ac
1114 3001 1152 3060 19

232 3099 320 3152 tuam.
349 3095 408 3164 Tu,
421 3113 487 3153 cum
501 3095 633 3152 omnibus
648 3096 732 3152 rebus
745 3094 926 3162 interiorsis,
944 3092 1028 3154 ³⁰bac
1041 3115 1100 3155 una

229 3192 262 3250 in
275 3211 306 3249 re
318 3199 349 3250 te
362 3193 434 3250 mihi
448 3192 583 3250 anteferri
600 3199 683 3267 putas
702 3198 843 3267 oportere,
865 3195 941 3268 quod
966 3203 1099 3269 quaestor

229 3289 308 3347 itlius
323 3284 417 3347 tueris.
432 3308 496 3364 ego,
512 3290 537 3347 si
550 3292 678 3364 superior
691 3291 796 3348 ceteris
817 3293 904 3349 rebus
920 3310 1007 3362 esses,
1020 3296 1097 3352 hanc
1147 3346 1154 3361 ,

230 3403 319 3446 unam
331 3388 369 3444 ob
389 3405 506 3445 causam
531 3393 560 3445 te
584 3393 781 3446 accusatorem
802 3390 945 3463 repudiari
967 3397 1097 3466 putarem

258 3541 282 3574 ²⁹
295 3539 405 3600 Alcide]
434 3539 497 3587 Mihi
506 3541 586 3588 rectius
594 3541 684 3587 videtur
692 3543 733 3588 Ac.

257 3619 280 3652 ³⁰
294 3619 335 3665 tos
345 3633 391 3666 uno
400 3617 486 3665 iarctc
495 3619 557 3665 mihi.
603 3619 636 3665 Te
645 3619 780 3668 addidicum
789 3620 886 3670 Graevio
895 3636 909 3669 e
919 3623 976 3670 Mes.
994 3622 1017 3668 in
1028 3621 1095 3667 biset

225 3677 270 3728 Gu.
284 3682 308 3724 et
325 3678 376 3725 edd.
388 3675 494 3738 pluribus,
514 3691 543 3737 qu
583 3677 694 3724 venustius
709 3684 749 3730 est.
781 3682 826 3728 Sed
845 3698 895 3728 cum
913 3683 1058 3727 Hotomanus
1068 3679 1094 3724 irs

225 3737 346 3784 delendum
351 3741 409 3806 puto
418 3750 424 3794 ;
435 3748 509 3781 seusus
517 3735 609 3796 requirit
619 3734 691 3796 potius
699 3752 746 3785 unu
755 3740 782 3787 dc
791 3751 823 3799 re,
828 3746 854 3788 ut
860 3741 917 3786 iut'rs
923 3753 992 3785 orsum
1001 3737 1093 3782 obrem:

225 3797 265 3849 sed
275 3798 302 3843 ds
312 3793 562 3853 omittituretegautius.
593 3794 654 3852 Post,
663 3796 743 3858 sijure
752 3814 803 3847 eum
816 3800 884 3859 ponis
897 3811 942 3843 occ.
953 3794 1018 3842 scribi
1024 3807 1094 3852 possea

223 3856 324 3917 postulat
330 3853 445 3900 latinitas:
461 3858 485 3900 et
495 3853 526 3901 sic
534 3853 598 3901 ostiu
606 3853 648 3902 ou.
956 3876 958 3879 ·

266 3934 336 3974 son.
357 3933 400 3978 rr,
648 3919 687 3972 td
