2700 4675
465 563 702 618 acuuntur
714 564 848 615 carmus.
1025 567 1090 628 ρει

220 724 292 766 ntem
304 709 479 769 nominaret.
507 713 606 771 Primo
619 713 799 771 necessarios
807 711 892 769 iatine
902 709 1018 767 adeum
1027 710 1096 766 alla·
1141 709 1146 716 '

223 811 306 881 gatos
320 825 384 865 esee
395 809 527 868 dicebat:
542 812 649 870 deinde
658 813 816 885 aliquando
828 815 948 868 coactm
959 806 1097 865 cretico

223 922 293 963 nem
307 907 481 965 nominavit.
516 910 586 967 Non
599 914 629 967 te
643 911 742 983 pudet,
755 910 872 975 Verres,
886 906 947 981 ejur
968 904 1096 964 mulieris

225 1004 364 1062 arbitratu
378 1006 503 1079 gessisse
517 1012 689 1081 praeturam,
702 1024 786 1081 quam
801 1008 836 1066 L.
853 1005 999 1064 nonanus
1013 1006 1051 1060 ab
1064 1020 1097 1060 re

224 1102 379 1173 nominari,
390 1105 440 1163 vix
452 1107 509 1164 eibi
518 1108 670 1165 boneetunt
681 1123 745 1163 ecee
755 1101 967 1164 arbitrabatur?
980 1100 1097 1176 Reieeti
1106 1100 1148 1159 54

224 1201 416 1262 achelidone
424 1204 545 1277 capiunt
554 1204 710 1264 comitium
722 1202 927 1270 necemarium,
935 1209 967 1260 ut
976 1202 1096 1273 amcipi·

225 1305 277 1357 ant
289 1300 345 1374 ipsi
359 1302 515 1375 negotium.
536 1320 603 1361 cum
618 1302 753 1362 Rabonio
765 1308 869 1369 tutore,
880 1303 955 1375 quod
969 1306 1031 1356 erat
1042 1299 1096 1356 vix

225 1399 288 1457 H·S
313 1400 502 1474 quadraginta
528 1401 661 1468 millium,
684 1400 848 1472 transigunt
874 1400 938 1456 tis
961 1395 1097 1454 ducentia

225 1496 361 1556 millibus.
403 1498 505 1556 Refert
528 1501 566 1556 ad
589 1500 676 1557 iatum
697 1516 760 1557 rem
780 1496 945 1557 Rabonim:
964 1492 1097 1552 ⁴”uteihi

225 1593 366 1663 videatur,
374 1596 446 1653 satia
455 1597 595 1671 grandem
604 1597 766 1670 pecuniam,
775 1602 805 1654 et
813 1595 883 1653 ratis
897 1595 1096 1667 impudentem

224 1709 306 1748 erae:
329 1694 398 1761 lete,
412 1694 461 1768 qui
475 1695 623 1769 aliquanto
637 1698 700 1768 ptus
714 1695 882 1769 cogitarant,
895 1695 971 1752 mate
984 1692 1096 1765 accipit

186 1836 187 1839 ,
224 1790 322 1847 verbis
337 1792 518 1851 Raboniumt
539 1799 628 1867 negat
641 1812 707 1852 eum
715 1794 770 1851 eibi
784 1794 836 1850 iila
849 1791 1000 1850 &cisione
1013 1790 1095 1848 nette

223 1887 321 1945 facere
335 1908 427 1962 pereae.
451 1909 488 1948 ne
502 1893 602 1956 multa,
621 1894 781 1948 locaturum
802 1909 835 1948 ee
855 1908 920 1945 enee
933 1890 1094 1946 confirmat.

223 1986 353 2043 Tutores
361 1988 435 2044 baec
446 1987 580 2043 nesciunt
592 2006 598 2041 :
614 1988 690 2057 quod
698 1991 795 2044 actum
803 1991 865 2042 erat
874 2002 941 2042 cum
952 1984 1096 2051 Rabonio,

223 2088 328 2157 putant
340 2083 369 2140 id
385 2102 448 2140 enea
466 2082 674 2142 certiaaimum:
695 2085 805 2142 nuttam
826 2082 964 2155 majorem
987 2081 1097 2155 popilio

223 2188 356 2240 metuunt
377 2182 584 2241 calamitatem.
627 2184 687 2240 late
709 2199 779 2240 vero
802 2200 862 2241 non
883 2181 1095 2254 procrastinat:

221 2281 320 2339 locare
344 2279 457 2353 incipit,
477 2299 534 2339 non
554 2281 715 2356 proscripta
735 2297 829 2356 neque
843 2281 942 2341 edicta
954 2280 1012 2347 die,
1025 2280 1095 2339 atie·

220 2379 345 2442 ‚ausimo
367 2388 505 2452 tempore,
532 2381 607 2437 ludis
635 2381 706 2451 ipris
731 2380 963 2446 Bononiensem
982 2384 1094 2435 ornato.

224 2478 327 2550 ltaque
341 2477 486 2535 renuntiat
499 2477 647 2534 Raboniue
661 2478 741 2534 ittam
754 2475 934 2533 debitionem
944 2475 1096 2531 tutoribur.¹

224 2576 392 2634 Accurrunt
412 2580 509 2632 tamen
534 2574 571 2630 ad
594 2577 707 2645 ternpus
731 2578 854 2630 batorer:
875 2572 999 2645 digitum
1018 2569 1096 2629 torm

215 2671 330 2735 ‚sumne
344 2675 469 2743 ruinius.
490 2670 540 2728 inti
558 2673 639 2728 coior
651 2670 817 2728 immutatae
831 2675 893 2728 cet:
915 2671 1021 2736 ruitur,
1033 2685 1095 2728 ora·

222 2770 274 2838 tio,
288 2787 371 2827 mans
381 2768 506 2842 denique
520 2769 642 2827 excidit.
686 2769 763 2839 Quid
778 2773 887 2842 ageret,
901 2767 999 2841 coepit
1017 2766 1095 2840 cogi·

217 2868 341 2931 taren
355 2885 427 2942 opua
441 2867 552 2941 pnpitto
573 2865 769 2934 redimeretur,
789 2868 816 2924 ei
838 2883 884 2947 rea
903 2865 996 2924 abiret
1007 2866 1045 2922 ab
1057 2879 1096 2921 co

224 2968 368 3040 mancipe,
382 2984 467 3042 quem
480 2967 543 3040 ipae
558 2964 746 3039 apposuisset,
760 2964 817 3023 eibi
836 2965 945 3021 nuliam
959 2964 1096 3036 praedam

222 3082 297 3125 aare.
326 3068 427 3141 ltaque
441 3065 600 3140 excogitat
620 3061 714 3139 quint
732 3063 805 3121 nihil
820 3062 989 3137 ingeniose:
1011 3061 1094 3130 nibil,

222 3167 298 3240 qnod
311 3166 461 3240 quiequam
475 3164 565 3239 poeeit
579 3164 687 3232 dicere,
701 3163 841 3237 improbe,
857 3179 956 3222 verum
970 3161 1092 3221 callide:

221 3262 299 3321 nibil
312 3263 349 3317 ab
363 3263 420 3318 into
432 3267 552 3329 tectum,
572 3263 646 3320 nibil
660 3262 866 3320 veteratorium
879 3260 1095 3335 exspectaveri-

222 3361 280 3419 tiaz
301 3358 401 3417 omnia
414 3363 523 3430 aperta,
546 3359 644 3419 omnia
658 3360 810 3432 perapicna
830 3359 1020 3432 reperientur,
1042 3358 1094 3416 im-

223 3456 373 3534 pudentia,
394 3455 530 3523 amentia,
551 3456 684 3513 audacia.
726 3458 761 3514 Si
773 3457 884 3530 pupiilo
895 3475 966 3530 opus
981 3454 1094 3513 redimi·

245 3608 491 3670 annuntiatam]
508 3607 1092 3673 Hoemllomorlorectumeaaepoteetzlegandum:

225 3670 431 3724 utribindmtum
446 3667 817 3730 mmrtbiindimtpertinemnd
830 3669 988 3733 reqneutiaet
1002 3666 1096 3720 nune

221 3733 308 3783 tionem
319 3726 417 3778 aarum
427 3726 488 3791 apud
495 3725 597 3774 Verrem.
