2700 4675
262 617 325 677 240
600 609 794 661 mvnnneu

257 759 386 823 nonnis,
399 760 475 817 bons
486 759 667 833 formosaque
682 754 809 832 poterit?
829 756 899 813 Neo
919 770 1139 827 remmom,

256 857 360 931 iuquit,
387 876 446 915 neo
473 876 699 915 rossessroseu
727 874 821 915 nuno.
868 854 1020 927 ¹³Eripies
1048 857 1139 929 igitur

256 958 384 1030 pupithse
399 964 494 1030 togam
510 954 713 1028 praetextam?
732 956 866 1011 deumne
884 962 1063 1012 omo-ento
1076 973 1138 1015 non

256 1056 348 1109 sotum
363 1055 501 1121 sedunus,
512 1057 563 1111 sed
578 1055 666 1111 etism
691 1050 902 1126 ingenuitatis?
921 1052 1080 1121 Miremur,
1098 1056 1137 1113 ud

256 1167 334 1207 enne
348 1160 448 1209 contra
463 1154 548 1210 istum
563 1153 711 1209 hominem
740 1155 959 1225 Lampsacenos
980 1151 1067 1210 isse?
1085 1152 1138 1210 ni·

256 1266 358 1315 remur,
373 1250 459 1307 istum
473 1253 510 1307 de
526 1253 680 1324 prorioois
686 1252 879 1308 decedentem
887 1253 967 1306 etam
979 1252 1135 1323 symonis

256 1347 437 1419 profugisse?
458 1349 700 1417 nuenarianam
717 1351 812 1406 vicem
832 1366 885 1421 pro
905 1358 1006 1405 nostra
1026 1349 1134 1423 iujurie

255 1447 426 1515 doleremus,
439 1450 592 1522 vestigium
607 1449 688 1505 istius
702 1449 733 1504 iu
746 1448 807 1504 t'oro
821 1465 880 1504 non
893 1454 974 1503 esset
986 1448 1132 1506 relietum.

256 1544 344 1601 Poter
356 1548 406 1601 dnt
429 1549 523 1603 hiiae:
555 1547 697 1618 prohibes.
729 1549 809 1619 leges
832 1547 951 1603 sinunt:
979 1553 1133 1605 innuente

255 1640 422 1713 interponis.
443 1646 480 1699 de
494 1645 552 1699 suis
568 1644 650 1700 honis
666 1645 708 1699 ite
719 1646 779 1710 dot,
793 1653 825 1702 nt
837 1647 875 1700 ab
881 1645 950 1716 jure
961 1662 1023 1703 non
1035 1648 1132 1703 suem

255 1740 332 1809 Quid
358 1742 454 1806 tratres,
478 1743 553 1814 quod
578 1740 797 1813 reprehendas?
826 1742 909 1809 nihii,
931 1742 1048 1815 opinor.
1091 1746 1134 1802 nt

254 1855 309 1909 ego
319 1841 468 1896 concedo:
491 1840 619 1911 prohibe,
632 1840 658 1895 si
673 1853 770 1912 potes:
793 1842 817 1897 si
830 1842 919 1897 habes
933 1842 983 1915 qui
1009 1848 1041 1899 te
1054 1843 1133 1901 nudi-

254 1942 301 1993 at·
323 1937 348 1993 si
363 1944 456 2009 potest
471 1938 523 1994 tihi
538 1937 618 1995 dicto
632 1938 752 1995 audiens
777 1957 841 1994 esse
863 1939 1024 2014 quisquam.
1068 1942 1132 1999 Eri·

254 2035 316 2107 pius
331 2047 360 2092 tu
374 2039 552 2093 voluntatem
567 2037 695 2101 mortuis,
711 2039 786 2093 hona
800 2037 888 2103 vivis,
906 2038 957 2110 jus
971 2037 1131 2098 omnibus?

254 2134 320 2189 Hoc
336 2137 454 2205 poputus
470 2135 617 2189 Romanus
632 2152 691 2189 non
706 2152 791 2191 manu
808 2130 999 2203 vindicasset,
1021 2137 1079 2194 nisi
1101 2144 1131 2197 to

253 2230 321 2285 huic
336 2231 457 2301 tempori
471 2238 556 2303 atque
572 2232 638 2286 huio
651 2232 767 2301 judicio
787 2231 986 2292 reservasset?
1008 2236 1130 2294 Postea·

252 2346 337 2402 quam
352 2330 392 2397 ius
409 2330 580 2401 praetorium
594 2329 783 2400 constitutum
797 2338 851 2398 est,
864 2350 979 2407 semper
994 2335 1054 2393 hoo
1061 2337 1130 2410 jure

252 2427 295 2484 usi
320 2445 434 2485 snmus:
465 2427 491 2484 si
511 2430 626 2484 tabulae
649 2430 817 2486 testamenti
842 2449 900 2488 non
924 2433 1130 2505 proferrentur,

252 2531 322 2595 tum,
343 2528 384 2584 uti
410 2528 571 2600 proximum
594 2546 735 2601 quemque
760 2529 941 2601 potissimum
959 2530 1130 2592 ”heredem

252 2642 315 2680 esse
328 2631 481 2696 oporteret,
504 2627 547 2682 ita
569 2629 727 2683 seeundum
751 2645 817 2683 eum
839 2629 983 2700 possessio
1002 2632 1130 2690 deretur.

253 2723 349 2791 Qnme
363 2724 417 2778 hoe
439 2724 478 2779 sit
491 2725 703 2797 nequissimum,
718 2725 804 2782 tacite
818 2731 862 2782 est
875 2728 996 2785 dooere:
1019 2731 1071 2786 sed
1094 2731 1128 2788 in

251 2838 282 2887 re
305 2827 363 2877 tum
378 2823 491 2890 usitato,
504 2823 574 2880 sotis
597 2831 641 2881 est
664 2826 826 2893 ostendere,
846 2843 948 2883 omnes
969 2833 1060 2885 antes
1076 2829 1129 2902 jus

251 2919 293 2976 ihs
320 2921 437 2989 dixisse,
462 2928 492 2979 et
519 2924 575 2979 hoo
601 2929 684 2979 votus
710 2923 838 2981 edietum
863 2926 1129 3004 transtatitiumque

251 3036 323 3073 esse.

292 3114 467 3184 cognoscite
483 3116 560 3172 aliud
576 3115 703 3173 hominis
718 3118 749 3175 in
764 3137 795 3176 re
810 3125 909 3177 vetere
924 3121 1056 3180 edietum
1068 3142 1121 3182 no·

252 3229 337 3268 vum:
359 3216 389 3266 et
400 3213 494 3280 sirmii,
508 3216 576 3269 dum
590 3220 634 3270 est
648 3218 725 3272 unde
733 3218 782 3290 jus
796 3220 887 3276 civite
900 3220 1039 3292 discatur,
1053 3225 1124 3282 udo·

250 3320 396 3374 ieseentes
412 3313 439 3369 ei
454 3315 484 3370 in
499 3315 516 3369 d
530 3313 685 3386 seiplinum
699 3316 813 3372 tradite.
825 3318 928 3375 mimm
938 3329 984 3376 est
994 3321 1128 3382 hominis

251 3417 407 3491 ingenium,
423 3415 493 3472 mira
506 3413 665 3486 prudentia.
709 3413 856 3473 Minucius
865 3418 982 3492 quidam
993 3426 1128 3480 mortuus

279 3573 299 3607 ¹⁰
317 3571 406 3629 Eripite
413 3569 493 3628 igitur,
504 3567 557 3626 ete]
589 3567 678 3628 Nempe
692 3572 770 3629 erepto
786 3584 859 3625 censu,
878 3570 951 3618 losum
968 3571 1065 3631 insignis
1081 3589 1128 3622 non

250 3631 344 3736 hnhntp,⁵
350 3633 505 3678 ornamentum
513 3627 622 3682 sortnnse
631 3632 666 3672 est
675 3627 738 3673 tutto
748 3641 825 3686 nureo,
835 3629 990 3687 immaturis,
997 3636 1125 3687 praem

250 3703 271 3735 v.
281 3705 300 3735 e.
316 3695 330 3736 d
348 3725 353 3736 .

278 3771 300 3800 ²⁰
314 3768 413 3816 heredem
423 3783 440 3814 e.
450 3765 572 3824 sponset]
605 3766 731 3823 Sequuntur
741 3766 764 3811 in
773 3766 849 3824 vuigg.
879 3767 906 3814 si
920 3768 941 3812 ts
955 3769 1128 3817 ieonum

249 3831 302 3874 tuns
310 3832 374 3872 ann:
390 3845 417 3874 nn
425 3833 475 3890 post
487 3824 575 3870 Hotom.
593 3825 685 3871 Mnuut
695 3823 773 3870 namu
785 3824 908 3874 timerium
914 3826 1054 3876 delevimus
1070 3832 1130 3877 nmt

248 3884 308 3938 ‹uriu
319 3885 432 3949 innitente
442 3901 456 3934 s
466 3884 593 3944 nomon.
