2700 4675
426 572 492 622 rao
507 570 576 622 sax.
591 571 706 623 aosoro
719 572 882 625 suanno.
1049 582 1091 642 55

221 733 289 777 oum
301 718 373 791 ipsis
387 720 561 778 adversariis
575 721 657 791 ooiit,
669 726 760 780 terret
772 723 862 779 etiam
879 738 942 790 nos,
955 737 992 781 ao
1002 722 1093 782 mina·

222 822 277 883 tur,
292 817 381 873 tribus
396 819 531 889 praediis,
545 820 601 875 hoo
611 824 664 886 est,
674 819 811 891 praemiis
825 820 953 888 sceleris,
965 825 1093 878 ornatus.

223 914 262 971 lu
278 914 420 986 ejusmodi
433 915 504 983 vita,
512 916 638 988 judiees,
652 916 684 973 in
697 916 742 974 his
756 922 799 975 tot
813 919 956 995 tantisque
968 918 1095 993 flagitiis,

223 1012 281 1069 hoo
302 1030 414 1086 quoque
438 1012 622 1083 maleficium,
641 1017 679 1073 de
696 1034 752 1091 quo
771 1017 917 1090 iudicium
941 1023 994 1086 est,
1015 1035 1095 1091 repe·

230 1109 322 1167 rietis.
354 1110 473 1169 Etenim
483 1129 617 1186 quaerere
630 1114 672 1172 ita
686 1116 813 1173 debetis:
827 1116 877 1173 ubi
893 1120 984 1175 multa
996 1133 1097 1185 avare,

227 1211 319 1266 multa
334 1211 478 1279 audacter,
492 1214 582 1269 multa
594 1212 737 1287 improbe,
748 1218 839 1272 multa
851 1216 1004 1288 perfidiose
1018 1216 1096 1273 laeta

227 1306 344 1377 videtis,
363 1308 435 1367 ⁷⁶ibi
454 1314 549 1369 seelus
564 1331 675 1387 quoque
690 1315 781 1370 latere
801 1314 878 1371 inter
892 1314 943 1371 illa
956 1319 1000 1371 tot
1018 1314 1097 1388 flagi·

224 1405 267 1465 ua
286 1413 424 1481 putatote.
446 1410 582 1467 Tametsi
595 1413 652 1468 boo
663 1411 781 1487 quidam
797 1412 917 1469 minime
929 1415 1011 1479 latet,
1021 1414 1098 1487 quod

226 1506 269 1564 ita
281 1514 444 1583 promptum
463 1515 493 1566 et
506 1509 685 1583 propositum
698 1515 751 1578 est,
769 1516 800 1568 ut
814 1528 873 1568 non
886 1529 925 1568 ex
938 1511 997 1569 illis
1011 1512 1099 1569 male·

224 1606 310 1676 neus,
327 1608 447 1683 quaein
469 1608 521 1666 illo
535 1614 650 1667 constat
663 1628 737 1677 esse,
758 1611 814 1668 hoe
828 1611 1027 1686 intelligatur,
1048 1629 1099 1669 ve·

226 1723 291 1764 nun
303 1725 342 1765 ex
362 1708 419 1765 hoe
432 1709 533 1778 etiam,
554 1709 578 1767 si
598 1711 673 1785 quod
686 1711 801 1768 illorum
820 1711 892 1768 sorte
911 1711 1099 1778 dubitabitur,

226 1805 430 1864 convineatur.
473 1808 551 1879 Quid
575 1811 703 1877 tandem,
729 1827 845 1884 quaeso,
866 1807 1006 1881 judiees?
1028 1826 1100 1866 num

228 1907 280 1959 aut
290 1903 342 1960 ille
362 1905 469 1962 lanista
481 1906 601 1963 omuino
625 1906 713 1977 lljam
734 1924 752 1961 a
766 1908 924 1979 gladiatore
945 1907 1100 1962 recessisse

230 1999 362 2057 videtur:
378 2006 427 2057 aut
441 2002 496 2057 iste
509 2001 669 2075 discipulus
684 2003 821 2080 magistro
834 2006 977 2060 tantulum
988 2005 1025 2060 de
1040 2009 1102 2059 arte

230 2097 418 2158 concedere?
452 2101 509 2157 Par
542 2103 587 2157 est
621 2100 754 2169 avaritia,
788 2102 891 2159 similis
924 2101 1102 2175 improbitas,

229 2200 360 2258 ⁷8eadem
368 2199 679 2274 impudentia,gemina
687 2200 818 2259 audacia.
833 2201 961 2268 Etenim,
967 2201 1102 2276 quoniam
1113 2188 1151 2248 4]

228 2302 317 2363 tidem
327 2301 456 2377 magistri
469 2300 625 2376 cognostis,
642 2300 811 2376 eognosoite
821 2319 898 2360 nune
909 2300 1044 2374 ‹lisoipuli
1055 2318 1102 2359 ae-

231 2403 380 2478 quitatem.
402 2401 543 2474 Dixijans
551 2406 647 2469 antea,
656 2418 864 2473 saepenumero
871 2403 1029 2472 postulatos
1038 2417 1102 2456 esse

231 2502 270 2557 ab
283 2500 347 2557 istis
360 2501 432 2556 duos
445 2517 546 2556 servos
566 2499 599 2555 in
612 2499 820 2572 quaestionem.
862 2498 911 2553 'Pu
926 2513 1048 2568 semper,
1062 2496 1103 2552 Τ.

234 2599 336 2665 Rosci,
354 2598 504 2655 recusasti.
518 2613 625 2670 quaero
637 2597 689 2652 abs
703 2600 743 2662 te,
761 2595 832 2661 iine,
849 2594 899 2669 qui
912 2596 1104 2668 postulabant,

234 2697 453 2771 indigniorem,
466 2695 515 2769 qui
529 2690 737 2767 impetrarent?
749 2709 788 2750 an
802 2694 857 2751 iste
870 2710 929 2751 non
940 2710 1104 2751 commove·

235 2799 295 2869 bat,
309 2813 360 2869 pro
373 2813 429 2871 quo
440 2796 623 2870 postulabant
634 2790 646 2851 l
658 2810 697 2850 an
710 2810 756 2850 res
769 2791 831 2866 ipsa
845 2791 899 2849 tibi
912 2792 1012 2866 iniqua
1024 2793 1104 2849 vide-

233 2894 339 2956 batur?
351 2897 540 2954 Postulabant
553 2891 686 2951 homines
699 2889 872 2950 nobilissimi
882 2895 967 2965 atque
981 2890 1106 2964 integer-

234 2997 301 3057 rimi
322 3002 437 3055 nostrae
455 2994 595 3061 civitatis,
609 3010 680 3069 quos
694 2992 759 3066 jam
772 2994 860 3047 antea
873 2988 1042 3060 nominavi3
1057 2988 1105 3064 qui

234 3097 278 3154 ita
292 3096 437 3165 vixerunt,
451 3099 580 3170 talesque
594 3112 612 3150 a
630 3095 737 3167 populo
752 3092 886 3147 Romano
905 3092 1049 3162 putantur,
1065 3094 1105 3159 ut,

233 3196 371 3271 quidquid
384 3197 526 3263 dicerent,
540 3210 628 3251 nemo
641 3195 728 3259 esset,
747 3189 796 3264 qui
810 3206 869 3247 non
883 3205 1006 3264 aequum
1026 3193 1106 3262 puta·

265 3347 289 3381 '¹⁰
303 3349 409 3396 ibisoslos
418 3365 437 3409 p.
448 3348 534 3409 latera]
565 3344 674 3394 Graevius
684 3343 812 3392 addendum
819 3347 884 3448 putat
891 3342 921 3388 id
927 3363 934 3388 .·
944 3343 977 3389 tta·
985 3343 1012 3389 id
1020 3357 1049 3389 sc.
1060 3356 1106 3389 non

234 3408 298 3455 male
309 3423 315 3465 ς
330 3409 368 3453 sed
377 3413 450 3454 tamen
459 3423 504 3454 non
512 3405 642 3453 necessario.
657 3419 710 3451 nam
718 3403 811 3449 ratioet
827 3417 890 3449 orma
901 3401 1015 3460 J'udieaudi
1026 3407 1060 3447 est
1070 3414 1107 3459 ge·

237 3466 334 3514 neralis:
345 3466 425 3512 deinde
432 3466 536 3513 bonatus
546 3465 575 3510 ad
583 3464 782 3524 laotumpraesens.

270 3543 295 3577 ’Π
305 3543 378 3601 jamo
390 3545 511 3601 gladiatore
519 3544 574 3647 mi]
606 3541 642 3588 Sic
651 3540 713 3610 edidi
723 3554 764 3600 pro
776 3540 860 3610 ἕως
868 3554 896 3586 ex
905 3540 956 3586 edd.
973 3553 1008 3600 pr.
1025 3533 1106 3603 eths.

239 3603 285 3653 (lu.
310 3603 430 3660 Vulgabrm
445 3602 559 3650 estabAl
575 3617 596 3647 o.
627 3600 673 3647 Sed
682 3600 739 3646 ulud
748 3600 825 3646 malim
834 3592 1109 3660 respoudetsequeutrbus,

237 3663 346 3720 magister
355 3688 365 3696 -
373 3688 383 3696 -
392 3661 522 3718 discipulas.
554 3658 663 3707 Restibrit
673 3658 742 3704 etiam
750 3658 858 3705 Graevius
868 3674 881 3704 e
890 3658 950 3704 Mss.

266 3743 290 3777 ⁷⁸
306 3743 380 3813 mrtem
394 3739 550 3812 impudentia]
576 3737 686 3810 Graevius
702 3753 745 3784 non
760 3737 817 3784 bene
830 3734 928 3798 repbsuit
943 3724 1110 3834 a'osprucgzv'ligil

235 3801 485 3912 ffiggiffnlmm
516 3798 876 3860 Sedesttorteerroroperarum.
908 3792 1025 3840 bamma
1084 3885 1086 3888 γ
