2700 4675
517 587 582 641 rso
597 590 623 641 r.
638 590 783 646 oumuro.
1073 593 1091 656 l
1164 657 1167 662 Ι

220 743 307 814 atque
331 754 350 795 a
370 752 546 812 praedonum
565 756 706 798 consessu
718 739 751 796 iu
765 735 894 795 Galliam
907 736 937 794 N
939 736 1051 806 aerius,
1064 739 1096 795 et

222 841 302 894 trans
328 837 420 910 Alpes
441 854 532 912 usque
553 837 730 895 transfertur.
772 835 825 893 Fit
845 850 951 909 magna
973 834 1096 892 mutatio

227 934 295 1002 lori,
309 951 369 991 nou
383 934 505 1007 ingenii.
547 935 635 1001 Nam,
656 933 706 1007 qui
715 934 753 990 ab
765 933 983 990 adolescentulo
996 949 1095 1007 quaes·

226 1036 288 1090 tum
308 1030 365 1088 sibi
386 1029 561 1089 instituisset
579 1031 643 1088 sine
662 1029 826 1104 impendio:
846 1035 1033 1105 posteaquam
1047 1048 1096 1087 ne·

227 1130 292 1189 seio
304 1128 373 1205 quid
383 1128 535 1203 impendit,
548 1128 623 1187 etin
641 1145 796 1190 commune
809 1128 943 1197 eontulit,
955 1125 1098 1186 mediocri

228 1232 348 1303 quaestu
370 1232 525 1285 contentus
545 1233 610 1286 es'se
628 1245 688 1285 non
701 1232 824 1301 poterat.
865 1227 931 1284 Nee
945 1227 1058 1294 mirum,
1071 1225 1098 1284 si

227 1326 263 1393 is,
273 1325 322 1400 qui
333 1342 439 1384 vocem
450 1329 587 1384 venalem
600 1327 749 1393 habuerat,
759 1343 805 1393 ea,
817 1322 919 1399 ¹'quae
929 1341 1003 1382 vore
1013 1341 1098 1400 quae·

228 1424 327 1493 aieret,
340 1441 446 1499 magno
459 1424 515 1481 sibi
535 1424 666 1499 quaestui
679 1423 739 1481 lore
753 1425 879 1496 putabat.
920 1423 1023 1496 ltaque
1036 1424 1099 1479 ber·

227 1525 295 1581 eule
308 1524 385 1579 baud
402 1522 587 1580 mediocriter
608 1519 629 1553 ¹⁸
642 1523 680 1578 de
700 1520 857 1589 communi,
870 1520 1008 1595 quidquid
1020 1523 1099 1594 pote·

228 1625 282 1689 rat,
294 1622 333 1679 nd
350 1636 382 1677 se
396 1620 428 1679 iu
449 1620 594 1694 privatam
614 1620 731 1678 domum
754 1621 922 1677 sevocabat.
943 1637 1000 1694 qua
1022 1619 1054 1676 in
1067 1636 1099 1675 re

232 1717 277 1777 ita
289 1719 418 1793 diligens
437 1724 509 1787 erat,
522 1718 604 1793 quasi
617 1717 649 1786 ii,
670 1719 721 1791 qui
740 1735 845 1792 magua
858 1718 914 1775 fide
928 1717 1101 1775 societatem

233 1821 376 1891 gererent,
388 1815 409 1848 ¹⁰
421 1813 595 1895 [arbitrium]
610 1833 661 1889 pro
670 1816 752 1874 sooio
764 1816 953 1874 condemnari
963 1818 1100 1873 solerent.

231 1914 344 1972 Verum
365 1915 410 1972 his
427 1917 562 1973 derebus
586 1931 646 1972 non
666 1931 787 1971 neeesse
814 1915 908 1971 babeo
933 1914 1032 1971 dicere
1055 1912 1104 1980 ea,v

195 2017 198 2021 '
231 2007 306 2087 quae
329 2030 376 2070 me
401 2012 436 2071 P.
458 2011 596 2083 Quintius
620 2010 701 2084 eupit
720 2028 961 2069 commemorare:
985 2008 1102 2068 tametsi

233 2126 322 2167 eausa
344 2112 478 2183 postulat,
500 2108 638 2178 ultamen,
658 2108 727 2183 quia
743 2110 878 2183 postulat,
898 2125 958 2166 non
980 2107 1102 2183 flagitat,

232 2208 404 2283 praeteribo.
446 2208 694 2283 Oumaunosjam
704 2199 865 2283 complures
877 2208 1002 2266 societas
1015 2211 1133 2279 essem
1214 2233 1225 2247 ν

233 2311 344 2367 etcum
358 2325 445 2382 saepe
468 2313 618 2383 suspectus
643 2306 765 2381 Quintio
785 2307 918 2366 Naevius
930 2307 1040 2376 suisset,
1052 2324 1103 2366 ne·

235 2423 291 2481 que
303 2406 346 2464 ita
358 2409 511 2465 commode
530 2411 627 2484 posset
647 2407 790 2463 rationem
811 2407 932 2464 reddere
949 2422 1048 2463 earum
1061 2422 1104 2462 re·

236 2521 308 2573 rum,
322 2520 392 2579 quas
414 2504 545 2570 libidine,
565 2520 626 2560 non
643 2503 756 2559 ratione
777 2508 920 2576 gesserat3
941 2504 1059 2561 moritur
1071 2502 1104 2561 in

236 2601 338 2660 Gallia
352 2600 499 2673 Quintius,
512 2616 579 2658 num
592 2600 707 2656 adesset
720 2599 861 2658 Naevius.
882 2604 914 2658 et
930 2600 1050 2658 moritur
1062 2618 1105 2659 re-

236 2698 368 2772 pentino.
388 2699 525 2756 heredem
547 2701 722 2755 testamento
733 2697 848 2774 reliquit
860 2700 938 2758 buna
958 2700 992 2757 P.
1015 2700 1105 2771 Quin·

238 2795 326 2853 tium:
346 2801 387 2865 ut,
400 2798 438 2854 ad
451 2813 537 2872 quem
557 2812 685 2854 summus
699 2814 812 2855 moeror
833 2803 925 2856 morte
939 2815 991 2856 sua
1004 2798 1105 2857 venie-

236 2895 296 2963 bat,
320 2896 358 2952 ad
380 2896 505 2954 eundem
531 2912 656 2953 summus
680 2895 773 2953 honos
796 2915 907 2972 quoque
928 2898 1103 2972 perveniret.

240 2994 306 3067 Quo
319 2999 440 3063 mortuo,
454 3009 510 3052 nee
523 2992 565 3051 ita
579 2996 670 3052 multo
684 2998 749 3067 post
759 2993 791 3051 iu
806 2995 935 3053 Galliam
949 2995 1104 3070 proficisci·

240 3096 285 3149 tur
300 3091 446 3164 Quintius.
487 3091 533 3150 lbi
546 3108 613 3149 oum
627 3092 683 3150 isto
695 3093 812 3149 Naevio
825 3092 1004 3152 familiariter
1018 3093 1103 3152 vivit.

238 3205 347 3248 annum
367 3190 426 3249 fere
449 3190 509 3249 uni
530 3195 606 3273 sunt,
632 3208 700 3249 eum
720 3195 751 3248 et
763 3193 801 3249 de
820 3191 960 3250 societate
983 3193 1060 3251 inter
1072 3211 1104 3251 se

267 3341 290 3375 ¹⁷
303 3357 411 3402 procoma
419 3344 558 3407 manerat]
589 3343 625 3392 Sir
634 3345 705 3392 exod.
716 3345 754 3392 W.
765 3345 825 3393 dedi.
855 3346 923 3406 Vulg.
931 3347 1073 3407 putaverat.

270 3419 291 3452 ¹⁸
304 3422 331 3468 de
340 3423 458 3481 cananaei,
466 3425 520 3485 eta]
551 3425 588 3471 Ad
604 3425 626 3470 b.
637 3424 654 3471 l.
665 3424 772 3471 videndus
781 3424 879 3472 Gronov.
889 3425 943 3473 obs.
955 3426 985 3483 ll,
996 3428 1030 3472 la.

270 3497 292 3529 ¹⁰
306 3499 427 3547 arbritium
431 3516 472 3558 pro
478 3502 551 3564 socia]
567 3502 683 3551 Assentior
692 3503 797 3560 Graevio,
808 3503 845 3566 qui
859 3505 981 3550 arbitrium
990 3503 1105 3550 insititiam

243 3559 315 3618 putat,
331 3571 344 3602 e
359 3559 456 3617 margine
465 3561 595 3607 translatum
613 3561 635 3607 in
645 3567 742 3608 textum:
758 3577 809 3608 uam
819 3562 873 3608 alias
883 3562 1014 3623 simpliciter
1023 3562 1105 3608 dicitur

240 3629 282 3673 pra
289 3615 351 3672 naa,
361 3629 405 3662 non
414 3617 491 3664 addito
501 3619 587 3664 arbitrii
598 3619 729 3678 antindicii,
741 3620 808 3666 etiam
817 3621 910 3668 actionis
919 3620 995 3667 verbo.
1027 3621 1106 3681 ltaque

243 3687 287 3721 non
295 3687 350 3734 opus
359 3675 532 3733 argutationibus
540 3677 637 3724 virorum
646 3678 760 3725 doctorum
768 3694 833 3740 super
842 3681 884 3726 boe
890 3680 948 3726 looo.

271 3751 302 3822 ²⁰·
309 3756 389 3822 bracar,
400 3753 570 3860 ffiportobt]
601 3755 653 3826 Hoc
660 3757 763 3827 omissum
773 3762 807 3805 est
820 3757 843 3828 in
858 3758 893 3805 ed.
904 3755 1003 3814 Graevii,
1013 3755 1060 3803 sine
1068 3755 1109 3802 ad-

242 3818 373 3860 monruone.
472 3827 519 3860 sure
528 3813 562 3861 lus
571 3819 645 3865 oratio
653 3829 698 3863 noa
704 3817 792 3865 videbo
800 3822 854 3866 saus
863 3817 989 3864 cohaerere.
