2700 4675
320 515 384 576 ,ω
665 504 859 558 mannaan

317 656 551 724 comm-animos,
565 664 823 730 accusatorumque
837 653 973 712 tardares.
1012 650 1091 723 Quis
1104 650 1190 711 enin

318 756 372 813 abi
388 759 523 813 molestus
537 762 623 823 esset,
632 763 680 813 ant
695 756 757 830 quis
770 755 916 828 appellare
927 753 1136 818 auderet,=cnm
1147 751 1190 808 vi·

317 855 400 911 deret
408 861 519 911 statuas
529 857 565 911 ab
574 855 808 927 negotiatoribus,
817 850 1189 916 abaratoribnsmoommu-

318 954 348 1009 ni
361 952 499 1011 Siciliae?
511 952 622 1024 “Quod
630 959 675 1009 ost
684 952 761 1010 aliud
772 952 803 1008 in
812 950 863 1007 illa
872 949 1025 1023 provincia
1035 966 1126 1023 genus
1134 950 1188 1004 iru-

317 1050 456 1108 mnnnm?
469 1053 587 1107 nullum.
611 1052 689 1123 Ergo
700 1052 737 1105 ab
748 1050 882 1106 universa
894 1048 1056 1121 provincia,
1069 1064 1188 1120 genera·

317 1148 426 1221 timque
447 1166 464 1203 a
482 1148 602 1220 singuiis
623 1150 684 1221 ejus
710 1147 836 1220 partibus
854 1149 1024 1203 nouaclum
1048 1146 1186 1219 diligitur,

318 1248 369 1303 acal
394 1246 482 1302 etiarn
507 1254 632 1302 ornatur.
688 1247 761 1317 Quis
786 1247 863 1302 hunc
883 1250 1030 1317 attingere
1057 1239 1187 1299 audeat?

319 1344 407 1401 Potes
427 1343 513 1417 igitur
526 1345 633 1411 dicere,
655 1344 729 1401 nihil
752 1346 804 1400 tibi
823 1346 925 1400 obesse
945 1363 969 1412 ος
981 1348 1074 1398 ortere
1092 1346 1186 1396 arato·

318 1454 390 1508 rum,
404 1442 622 1515 negotiatorum,
638 1443 857 1516 Siculorumque
868 1441 994 1498 omnium
1008 1438 1185 1506 testimonia,
1241 1459 1244 1464 ·

319 1556 385 1595 cnm
395 1558 493 1596 eorum
505 1542 666 1597 nominibus
676 1542 705 1598 in
717 1547 874 1597 statuarum
885 1540 1072 1612 inscriptione
1082 1537 1184 1611 positia

318 1653 433 1692 omnem
461 1643 490 1692 te
514 1640 635 1709 speraris
657 1640 800 1695 invidiam
821 1644 907 1711 atque
934 1637 1079 1695 infamiam
1103 1643 1183 1692 tuam

318 1750 402 1807 nosse
427 1733 631 1806 exstinguere?
652 1734 727 1802 8⁷sun,
745 1753 863 1809 quorum
885 1737 1054 1793 auctoritate
1070 1740 1107 1791 -tu
1128 1741 1184 1790 ata·

319 1838 383 1888 tuus
393 1835 582 1890 cohonestare
596 1841 658 1889 tuas
672 1843 793 1890 conatus
807 1852 848 1901 es,
862 1852 961 1892 eorum
975 1852 1029 1907 ego
1042 1833 1184 1907 (lignitate

320 1932 535 1989 accusationem
552 1950 645 1989 meam
659 1936 845 2005 comprobare
860 1951 918 1989 non
933 1929 1053 2006 potero?

354 2028 457 2085 ³⁸⁸¹Nisi
470 2031 552 2098 inste,
567 2033 727 2105 quodapad
746 2031 915 2104 publicanos
935 2032 1075 2105 gratiosus
1096 2027 1183 2095 suisli.
1246 2019 1248 2022 ¹

320 2126 350 2181 in
365 2145 400 2182 ea
413 2146 444 2183 re
459 2146 524 2199 spes
542 2135 575 2184 te
599 2130 694 2202 alique
708 2132 881 2186 consolatur.
922 2132 1005 2201 Quae
1027 2128 1121 2203 gratia
1145 2144 1182 2183 ne

319 2224 387 2296 quill
407 2224 460 2280 tibi
480 2227 613 2297 motasse
622 2234 734 2297 >possea
747 2246 802 2301 ogo
816 2246 881 2284 mea
893 2228 1041 2301 diligentia
1055 2226 1181 2298 perfeci:

319 2327 352 2378 at
361 2322 453 2380 etiam
466 2324 566 2380 obesse
580 2325 747 2392 deberst‚tu
761 2331 810 2382 tna
824 2325 964 2400 saphatia
975 2323 1089 2381 curasti.
1111 2323 1182 2380 Ele·

269 2422 380 2486 70nim
406 2440 464 2479 rem
488 2428 586 2488 totam,
611 2424 736 2494 judices,
761 2425 888 2483 breviter
904 2423 1087 2499 cognoscite.
1144 2424 1182 2480 ln

318 2521 458 2593 scriptura
474 2522 592 2578 Siciliae
607 2541 658 2594 pro
680 2523 815 2595 magist-ro
829 2525 1005 2597 estquidam
1026 2524 1062 2579 L.
1081 2521 1181 2594 Carpi·

319 2619 423 2684 natiue,
437 2619 485 2692 qui
495 2625 537 2675 -et
557 2621 601 2676 sui
620 2628 752 2694 quaestus
766 2639 862 2688 causa,
875 2631 905 2678 et
918 2622 1036 2677 fortasse
1050 2623 1125 2694 qnod
1138 2637 1181 2676 so

318 2715 428 2773 ciorum
448 2717 587 2774 interesse
611 2720 806 2786 arbitrabatur,
821 2723 895 2775 bene
916 2720 1028 2792 penitus
1048 2720 1078 2775 in
1099 2719 1180 2774 istius

318 2814 543 2872 familiaritatem
565 2834 629 2873 sese
649 2806 738 2875 (leniit.
775 2819 808 2873 ‘le
822 2825 1058 2889 compraetorem
1072 2817 1180 2874 circum

317 2915 487 2971 omniaiora
496 2921 666 2982 sectaretur,
681 2934 773 2989 neque
794 2920 830 2973 ab
850 2935 886 2974 eo
905 2934 1039 2990 umquam
1052 2917 1179 2973 discede·

315 3018 376 3077 ret:
398 3012 428 3068 in
452 3031 517 3070 eam
534 3016 596 3088 jam
617 3020 737 3071 venerat
756 3015 978 3073 familiaritatem
998 3013 1178 3073 consuetudi-

317 3157 395 3202 amicos
404 3157 427 3202 in
437 3161 472 3204 cd.
484 3161 548 3207 Grnt.
560 3176 634 3207 errore
643 3177 760 3222 operarum
769 3169 868 3238 irrepsit:
882 3171 970 3215 necant
977 3184 992 3214 a
1001 3168 1050 3214 Jao.
1060 3168 1131 3216 Gron.
1141 3171 1179 3214 aut

314 3213 414 3318 {iraeqio
423 3218 598 3265 animadversum
608 3219 686 3266 vitium
696 3229 740 3270 est:
754 3241 802 3272 cum
813 3228 869 3275 1llud
878 3227 968 3273 verbum
978 3227 1007 3274 sit
1017 3227 1085 3288 plane
1095 3242 1109 3272 a
1118 3241 1179 3273 senso

326 3287 359 3318 oc1
369 3289 381 3318 n
391 3288 471 3320 renum.

346 3352 370 3421 ³³.
382 3352 487 3423 Quodveqt
495 3355 559 3401 uliud
568 3381 576 3388 ·
586 3382 594 3390 ·
605 3355 744 3406 temanum?
759 3365 869 3424 nullum]
900 3363 983 3410 Durior
992 3366 1027 3409 est
1036 3363 1093 3409 haee
1102 3366 1176 3410 torma.

316 3410 432 3458 Excrdrtne
442 3426 508 3468 enum,
519 3419 558 3459 aut
567 3418 613 3461 aul

334 3490 366 3557 '⁸⁷
376 3505 519 3558 'ungqooram
527 3495 655 3540 auctoritate
663 3522 673 3529 -
683 3522 693 3529 -
702 3513 777 3544 msam
785 3498 909 3560 aigeina]
931 3499 1148 3550 verbaman'au
1157 3503 1179 3548 et

310 3546 421 3615 dsgnetnte
436 3556 559 3610 permutata
575 3553 685 3605 videntur.
706 3572 756 3603 narn
776 3557 809 3602 illi
825 3559 894 3616 magis
911 3559 1016 3607 convenit
1034 3561 1177 3617 conrprolure,

311 3604 511 3668 auscultatura.
544 3611 602 3658 Eud.
611 3628 644 3673 pr.
655 3615 738 3662 habent
748 3615 814 3662 etiam
821 3618 920 3671 molare.

313 3682 507 3787 tefagamsme'
517 3691 574 3752 qm
587 3718 597 3728 .
611 3716 622 3728 .
635 3693 662 3741 ίη
671 3709 695 3741 ω
705 3697 747 3757 η]
778 3695 825 3743 Gur
835 3695 861 3743 its
870 3698 945 3745 eure?
959 3697 1063 3746 immota
1072 3713 1105 3756 τι,
1114 3710 1177 3758 PfflP·
