2700 4675
581 530 802 602 numisma.
1080 566 1131 610 vn

264 702 346 765 sint:
370 722 450 787 quae
476 702 639 780 lectiones,
667 725 739 767 cum
754 709 868 789 postea
882 701 1055 783 neglectae,
1071 721 1132 766 nec

265 797 522 853 commemoratae
546 791 618 865 sint,
645 811 684 852 ea
710 789 856 873 exempla
879 807 988 872 parum
1009 787 1134 866 cognita

263 872 371 951 fuisse,
403 875 553 939 credibile
584 880 644 936 est.
699 874 811 955 Itaque
835 872 991 935 interdum
1016 879 1049 934 et
1074 893 1132 957 pro

264 959 448 1041 conjectura
473 959 638 1045 ponitura
664 958 861 1041 quibusdam,
888 957 973 1040 quod
1005 957 1035 1019 in
1061 957 1131 1042 ejus

265 1043 410 1106 editionis
441 1044 593 1128 exemplis
624 1040 798 1129 reperitur:
832 1044 920 1105 velut
950 1043 981 1104 in
1012 1042 1069 1105 Or.
1101 1043 1133 1106 in

266 1126 343 1191 Seu.
370 1137 444 1214 post
465 1129 550 1192 Red.
575 1150 605 1191 c.
636 1134 664 1191 1.
689 1129 743 1192 ubi
767 1150 874 1192 omnes
898 1128 974 1190 aliae
993 1128 1130 1191 habent:

264 1219 382 1276 mentes
396 1221 567 1299 angustae,
583 1215 730 1295 humiles,
746 1210 874 1300 pravae,
891 1213 1036 1298 oppletae
1052 1219 1131 1277 leue·
1244 1227 1248 1234 '

264 1298 335 1361 bris
350 1318 388 1362 aa
403 1300 570 1377 sordibus,
586 1300 665 1364 haee
682 1302 789 1376 habet,
814 1300 900 1383 quod
916 1299 1042 1382 quidam
1059 1320 1132 1363 con·

258 1383 369 1467 jecere
390 1386 557 1469 legendum
572 1407 643 1448 esse
662 1406 810 1469 paruae;
834 1394 898 1448 tum
922 1386 962 1446 ad
986 1384 1079 1456 Quir.
1097 1405 1130 1470 p.

264 1468 307 1532 R.
325 1491 354 1532 c.
379 1475 410 1533 3.
435 1473 488 1534 ubi
512 1472 589 1535 aliae
611 1480 737 1538 veteres
760 1472 878 1534 habent
901 1468 1134 1535 Dalmaticusa

263 1553 342 1617 haec
358 1556 454 1620 habet
464 1557 669 1633 Diademate,
682 1558 795 1620 vitiose
805 1555 932 1640 quidem
944 1555 975 1618 in
990 1555 1062 1631 fine,
1075 1554 1134 1617 sed

262 1648 298 1703 ut
324 1662 401 1705 vera
426 1644 521 1706 lectio
549 1642 768 1706 Diadematus
791 1643 821 1705 in
848 1642 957 1705 oculos
984 1641 1132 1718 incurrat,

263 1747 343 1807 quae
367 1736 417 1791 est
440 1730 471 1793 in
486 1730 538 1791 e'd.
564 1729 658 1792 Rom.
684 1730 759 1792 item
782 1736 816 1792 ut
838 1729 875 1790 e'n
892 1726 966 1791 Seu.
981 1747 1016 1810 p.
1039 1726 1082 1790 R.
1099 1731 1131 1787 2.

264 1810 360 1875 habet
383 1813 423 1876 L.
444 1814 579 1890 Numio,
602 1836 661 1901 pro
685 1837 747 1898 quo
770 1822 951 1897 sequentes,
975 1820 1010 1873 ut
1036 1812 1132 1874 Rom.

265 1896 382 1961 habent
397 1898 552 1973 Mumio;
576 1900 607 1962 in
631 1922 694 1983 quo
717 1920 811 1964 verae
834 1898 977 1961 lectionis
1001 1896 1133 1960 Niuue‘o

264 1982 398 2063 vestigia
413 1993 507 2050 sunt„
542 1985 720 2066 Utriusque
745 1985 870 2066 generis
885 1982 1030 2066 exeurpla
1043 1983 1135 2067 plura
1189 2047 1192 2052 ,

264 2067 295 2129 in
307 2068 387 2130 notis
404 2070 517 2131 nostris
529 2070 688 2153 reperient
704 2070 851 2131 lectores.

308 2153 403 2216 Anno
427 2154 511 2240 post
525 2153 675 2217 Adamas
700 2153 937 2237 Ambergeusis
964 2153 1132 2218 Orationes

267 2237 430 2302 Ciceronis
457 2239 558 2303 edidit
586 2241 618 2303 in
653 2241 763 2303 eadem
798 2240 1006 2303 Venetiarum
1035 2241 1132 2303 urbe:

266 2347 358 2407 quam
385 2324 552 2402 Graevius,
567 2326 620 2410 qui
644 2325 713 2410 ejus
736 2327 913 2412 exemplum
936 2326 1055 2401 habuit,
1072 2325 1137 2412 pri·

264 2432 345 2472 mam
368 2413 515 2497 appellat,
542 2421 683 2475 ceterum
708 2433 766 2474 nec
791 2413 958 2496 descripsit
974 2419 1138 2486 accurate,

265 2518 325 2559 nec
347 2499 421 2559 satis
447 2497 610 2578 diligenter
633 2498 765 2558 contulit
785 2509 857 2557 cum
880 2496 1014 2576 vulgatis
1029 2516 1133 2556 exem·

264 2582 337 2725 plis,
362 2588 396 2642 ut
419 2581 499 2644 infra
524 2581 814 2644 demonstrabimus.
861 2579 906 2642 Et
933 2579 1051 2642 dudum
1067 2579 1134 2662 qui·

289 2686 339 2726 em
355 2666 566 2748 conjeceram,
583 2686 650 2726 eam
666 2687 737 2727 esse
752 2665 971 2749 repetitionem
987 2664 1133 2729 Waldara

265 2749 411 2826 serianae,
428 2750 525 2833 quod,
548 2771 752 2834 quascunque
774 2751 926 2813 lectiones
941 2771 983 2812 ex
998 2771 1036 2812 ea
1051 2770 1133 2813 com·

265 2843 416 2897 memorat
431 2834 597 2911 Graevius,
618 2857 671 2898 eas
689 2837 719 2899 in
735 2836 987 2901 Waldarferiana
1008 2856 1133 2983 repere-

265 2942 351 2983 ram:
375 2942 468 2997 nunc,
485 2922 630 3006 exemplo
645 2923 715 3005 ejus
731 2922 888 3006 inspecto,
904 2922 989 3004 quod
1010 2943 1028 2984 e
1067 2920 1133 2984 ibri»

265 3008 381 3069 otheca
406 3007 542 3070 civitatis
578 3007 820 3090 Noribergensis
856 3015 966 3070 nactus
990 3007 1135 3082 sumita

266 3112 337 3154 esse
353 3092 504 3173 cognovi:
529 3114 590 3156 non
602 3114 667 3175 quo
689 3093 765 3155 nihil
781 3093 819 3154 ab
835 3112 873 3154 ea
888 3092 1059 3177 discrepet,
1075 3091 1134 3154 sed

266 3178 352 3259 quod
367 3178 458 3241 idest
472 3179 523 3241 vel
540 3178 649 3240 avitio
664 3198 839 3264 operarum,
855 3178 906 3240 vel
922 3176 1087 3262 ejusmodi,
1099 3184 1135 3240 ut

267 3261 300 3323 id
332 3285 350 3324 a
387 3270 565 3326 correctore
593 3264 798 3348 speciminum
834 3264 1135 3348 typographieorum

266 3348 444 3432 profectum
468 3349 622 3423 videatur,
646 3349 732 3430 quod
755 3348 874 3410 collatis
891 3349 1008 3430 aliquot
1022 3348 1134 3410 oratio·

221 3431 359 3511 ,nibus
381 3435 527 3515 cognovi.
574 3434 723 3496 Ceterum
748 3433 824 3496 illud
848 3434 942 3495 habet
959 3433 1133 3518 praecipui,

270 3517 357 3598 quod
371 3527 420 3580 est
434 3521 484 3581 illa
498 3520 594 3582 multo
611 3520 792 3595 correctior,
804 3540 939 3600 eamque
947 3519 1000 3601 qui
1009 3518 1134 3592 habeat,

268 3602 320 3664 illa
350 3623 457 3665 carere
487 3605 600 3688 possit.
656 3605 851 3685 ignoraverit
886 3605 979 3666 etiam
1008 3608 1136 3688 oportet

268 3687 438 3751 editionem
454 3689 636 3765 Romanam,
652 3690 706 3772 qui
721 3689 801 3752 hanc
818 3690 950 3766 curavit,
966 3689 1051 3773 quod
1067 3706 1135 3748 eam

266 3793 327 3837 non
343 3773 419 3838 iecit
431 3774 603 3839 auctiorem
619 3796 747 3839 numero
758 3775 949 3840 orationum:
967 3772 1052 3857 quod
1068 3771 1134 3834 sine
