2700 4675
454 521 527 574 scr.
544 521 687 573 nuens
701 519 877 572 sncnnmn.
1022 521 1088 588 m

220 672 280 728 nnc
302 683 429 725 norm
452 670 693 743 nonpotsinem.
733 669 854 737 Verum,
876 668 953 743 qrrcd
975 669 1088 729 institui
1097 673 1138 734 27
1170 656 1174 663 ⁵

218 767 651 841 diccre‚miscrissccgnoscite
661 768 835 826 fficulorunr.
875 767 1029 825 Heraclius
1038 768 1089 827 ille

220 873 253 924 et
273 865 426 939 Fpiccstes
449 868 537 940 longe
557 868 631 923 milii
650 866 772 923 obvim
788 883 857 923 cum
878 866 937 922 suis
955 866 1089 924 omuibus

220 970 431 1039 processerunt.
447 965 580 1022 venienti
594 966 739 1039 Syracusa
750 970 871 1039 egerem
890 964 1005 1039 grauns,
1020 965 1089 1024 den·

220 1068 267 1120 les
280 1084 289 1119 ε
311 1065 434 1120 Romam
447 1065 590 1121 decedere
610 1080 726 1120 mecum
739 1063 901 1137 cupierunt.
913 1065 991 1137 quod
1003 1068 1090 1121 cnut

220 1162 295 1219 nihi
309 1162 416 1235 oppido
434 1164 581 1235 complure
604 1162 693 1219 etism
707 1162 825 1235 reliqua,
845 1179 919 1236 quse
933 1163 1013 1220 adire
1027 1164 1090 1220 vel-

218 1261 290 1328 lem,
301 1261 441 1318 constitui
452 1278 521 1318 cunr
534 1260 707 1326 hominibus,
719 1260 833 1334 quodie
846 1260 919 1316 milri
933 1260 1089 1317 Messenae

221 1367 337 1434 prsesm
348 1365 456 1417 essent.
497 1360 543 1416 nu
555 1360 628 1416 milri
641 1348 774 1415 nuntium
784 1359 970 1424 miserantes
984 1373 1089 1431 apres·

220 1461 284 1514 tore
295 1458 421 1514 retineri.
433 1458 537 1531 quibus
549 1474 607 1530 ego
619 1456 818 1511 testimonium
830 1457 1012 1525 denuntiavi,
1021 1474 1090 1532 quo·
1116 1483 1121 1491 ·

220 1572 284 1613 rm
312 1554 431 1612 nominc
456 1554 537 1611 edidi
558 1554 699 1612 Metello:
731 1554 911 1627 cupidissimi
939 1556 1088 1624 veniendi,

220 1653 357 1711 mximis
376 1654 491 1727 iniuriis
509 1653 617 1720 affecti,
630 1654 726 1712 sdhuc
747 1672 805 1711 non
827 1660 977 1712 venerumt.
1021 1657 1088 1714 Hoc

214 1752 283 1826 jure
296 1757 363 1808 sont
381 1752 464 1819 socii,
478 1760 510 1809 ut
522 1753 560 1810 iis
574 1771 610 1810 ne
623 1755 774 1827 deplorare
787 1753 903 1828 quidem
915 1755 953 1810 de
974 1755 1033 1811 suis
1044 1755 1088 1812 in*

221 1850 381 1909 commodis
396 1850 494 1906 licent.

243 1993 249 2002 .
273 1949 343 2004 anr
370 1944 501 2003 Heraclii
522 1944 717 2015 Centuripini,
736 1944 840 2017 optimi
861 1945 1088 2019 nobilissimique

221 2044 429 2109 adolescentis,
442 2040 638 2098 testimonium
652 2041 790 2097 sudem:
810 2058 828 2098 s
846 2060 903 2117 quo
917 2044 980 2100 H·S
995 2062 1011 2099 c
1027 2045 1089 2101 mil·

221 2143 265 2203 lis
290 2160 343 2215 per
367 2139 542 2199 alumniam
570 2139 767 2215 malitiamque
793 2141 883 2214 petita
910 2148 986 2199 sunt.
1028 2144 1089 2201 lstc

222 2241 326 2317 poenis
346 2239 615 2314 compromissisque
635 2239 823 2313 interpositis,
848 2242 911 2297 H·S
926 2260 979 2299 cco
993 2250 1089 2300 extor-

222 2343 340 2417 quenda
360 2341 490 2399 curovitr
510 2339 642 2412 quodque
661 2340 804 2410 judicium
818 2343 976 2396 secundum
1000 2344 1089 2398 Hers-

222 2440 314 2497 clium
327 2442 364 2496 de
377 2437 590 2509 compromissio
604 2436 713 2490 luctum
732 2442 803 2497 eret,
816 2437 891 2508 quod
911 2436 988 2490 civis
1013 2439 1090 2495 Cen·

223 2539 365 2611 turipinus
380 2539 456 2593 inter
467 2536 539 2589 duos
552 2535 635 2589 cives
650 2532 821 2603 judicasset,
834 2532 864 2588 id
878 2532 989 2589 irritum
1002 2534 1091 2606 jussit

222 2653 311 2694 esse:
331 2631 590 2706 oumqucjudiccm
605 2631 706 2685 falsum
719 2629 868 2701 judicasse
876 2631 1036 2702 judicavit:
1058 2633 1090 2693 in

223 2739 329 2794 senatu
344 2749 380 2788 ne
391 2735 477 2795 esset,
495 2730 576 2794 locis,
590 2728 804 2802 commodisque
819 2730 942 2802 publicis
954 2732 996 2788 nti
1010 2740 1091 2790 volu·

224 2833 259 2891 it.
274 2830 371 2905 siquis
381 2845 448 2885 eum
461 2829 611 2899 pulsasset,
621 2825 723 2892 edixit,
736 2843 801 2882 sese
818 2826 962 2898 judicium
975 2828 1090 2902 injurie-

224 2949 286 2990 rum
302 2929 521 2987 inundaturum:
542 2923 682 2999 quidquid
695 2926 732 2979 ab
746 2941 783 2979 eo
802 2930 955 2997 peteretur,
959 2926 1090 2997 judicem

226 3032 325 3088 desua
339 3029 458 3086 cohorte
471 3026 612 3089 daturum,
626 3022 682 3094 ipsi
700 3028 797 3079 sutem
818 3021 922 3079 nullius
944 3026 1090 3086 actionem

224 3129 268 3187 rci
289 3145 353 3184 sese
367 3129 507 3182 daturum.
550 3123 633 3192 Quae
647 3121 728 3178 istius
742 3122 897 3179 auctoritas
911 3131 1021 3183 tantum
1040 3144 1089 3184 vc·

225 3227 291 3291 luit,
304 3231 336 3280 nt
348 3241 440 3297 neque
456 3223 537 3278 illum
552 3222 676 3293 pulsaret
691 3221 846 3295 quisquam,
857 3240 923 3280 cum
939 3234 1050 3297 praetor
1058 3229 1089 3284 in

226 3322 379 3401 provincia
390 3339 442 3377 suc
453 3322 543 3376 verbo
557 3318 742 3391 permitteret,
756 3338 786 3376 re
801 3322 975 3380 nodaretur:
997 3340 1089 3397 neque

227 3425 377 3499 quisquam
391 3422 428 3477 ab
442 3437 478 3475 ec
491 3417 643 3492 quidquam
657 3423 778 3490 peteret,
785 3436 851 3476 cum
859 3419 914 3478 istc
927 3422 1090 3478 calumniae

227 3521 381 3582 licentiam
398 3517 419 3552 ⁷⁴
430 3535 481 3576 sun
491 3516 661 3574 auctoritate
671 3516 807 3575 dedisset.
821 3519 980 3594 ignominia
993 3527 1091 3577 sutem

257 3657 281 3692 '¹⁴
295 3671 337 3703 sno
353 3655 480 3702 amonim
490 3652 600 3714 dedisset]
632 3652 690 3699 Edd.
701 3667 736 3722 pr.
745 3656 884 3710 possedisset.-
898 3671 926 3702 ex
935 3669 979 3715 quo
994 3653 1090 3714 primunr

224 3719 307 3765 fletum
316 3712 469 3772 praebuisscl5
483 3712 626 3775 quodomnes
639 3718 766 3759 secuturum
782 3729 850 3776 risque
864 3715 893 3761 ad
907 3713 1034 3766 Gmtemm,
1052 3714 1092 3774 qui

223 3778 316 3823 dedisset
330 3773 401 3820 edidit
414 3771 491 3828 tacite,
498 3771 546 3820 sive
559 3785 573 3815 e
583 3771 639 3817 Mss.
648 3770 699 3831 suis¹
707 3771 753 3820 sive
759 3773 903 3829 correctione,
910 3771 968 3831 quod
977 3786 1030 3818 sane
1038 3786 1090 3835 pro-

224 3835 274 3896 pius
282 3835 313 3882 sd
321 3837 421 3882 veterem
430 3831 547 3878 lectionem
556 3829 649 3878 secedit
