2700 4675
303 561 367 624 85⁴
644 554 844 608 fflvmffl

301 710 509 774 accusatorem,
522 721 581 763 non
595 710 699 763 testem
713 724 775 763 asse
794 706 914 764 diceret.
954 702 976 738 π
986 702 1107 764 Etenim
1121 707 1172 766 ille

301 805 370 863 calm
385 811 498 878 propter
513 805 650 863 virtutem
663 811 693 862 et
706 806 792 862 idem
806 822 872 863 cum
888 806 1039 871 Androne,
1051 808 1171 864 homine

302 904 506 961 honestissimo
517 909 546 961 et
560 904 730 971 certissimo,
741 910 801 960 tum
809 904 898 960 etiam
913 910 1029 977 propter
1036 907 1171 977 eloquen-

302 1001 382 1067 tiam,
397 1005 507 1076 legatus
524 1003 613 1059 esuis
626 1003 743 1060 civibus
756 1003 866 1059 electus
877 1007 930 1068 est,
944 1008 975 1057 ut
989 1006 1086 1074 posset
1100 1005 1171 1059 rnul-

302 1104 349 1157 ias
367 1100 449 1157 istius
473 1107 502 1157 et
523 1101 617 1157 varias
637 1101 758 1173 injurias
778 1117 863 1174 quam
882 1100 1060 1173 apertissime
1086 1101 1171 1159 vobis

250 1207 291 1267 65
303 1199 526 1274 planissimeque
549 1199 708 1272 explicare.
751 1198 910 1255 Dixemnt·
924 1179 1067 1264 Halesiui,
1090 1199 1171 1256 Cati·

302 1313 420 1370 nenses,¹
442 1298 650 1371 Tyndaritani,
668 1298 831 1363 Enueuses,
852 1295 1046 1361 Herbitenses,
1062 1296 1171 1368 Agyri·

300 1409 417 1463 nenses,
439 1395 625 1463 Netineuses,
648 1396 811 1469 Segestani.
832 1411 976 1452 numerare
989 1410 1092 1449 omues
1108 1411 1171 1450 non

251 1481 255 1490 ⁸
301 1500 346 1551 est
361 1512 489 1551 necesse.
511 1496 603 1562 scitis,
624 1512 709 1569 quam
723 1495 806 1551 multi
825 1499 952 1566 olquam
966 1495 1056 1548 multa
1077 1492 1170 1565 priore

300 1592 418 1649 actione
433 1594 571 1650 dixerint.
593 1610 670 1649 nunc
686 1599 714 1649 et
729 1593 772 1649 illi
787 1599 818 1649 et
832 1591 934 1666 reliqui
951 1591 1059 1647 dicent,
1100 1591 1170 1646 Om-

300 1701 354 1748 nes
367 1689 491 1763 deuique
513 1692 569 1746 boc
589 1691 619 1746 in
634 1692 690 1746 bac
707 1706 793 1746 causa
808 1691 984 1763 intelligent,
996 1690 1051 1745 hoc
1070 1688 1170 1744 animo

299 1803 364 1845 esse
387 1788 510 1856 Siculos,
525 1795 565 1856 ut,
584 1789 609 1845 si
630 1788 661 1845 iu
685 1789 772 1845 istum
787 1787 1021 1845 animadversum
1044 1786 1171 1854 nonsit,

300 1886 359 1945 sibi
378 1888 580 1962 relinquendas
594 1890 694 1945 domos
708 1904 744 1943 ac
765 1888 848 1943 sedes
864 1905 940 1954 suas,
964 1895 1044 1944 etex
1067 1885 1170 1943 Sicilia

260 2035 262 2041 .
299 1987 509 2055 decedendum,
530 1994 615 2062 atque
629 1988 703 2043 adeo
723 1986 890 2059 fugiendum
904 2003 967 2042 esse
988 1985 1169 2041 arbitrentur.

301 2083 368 2155 Hos,
378 2084 510 2142 homines
530 2092 560 2142 tu
575 2085 760 2158 persuadebis
778 2086 814 2140 ad
835 2086 957 2141 bonores
970 2090 1055 2158 atque
1069 2082 1170 2155 ampli·

301 2181 431 2239 tudinem
446 2189 523 2238 tuam
536 2183 674 2254 pecunias
688 2183 830 2247 maximas
844 2185 992 2238 voluntate
1004 2199 1055 2237 sua
1069 2187 1170 2237 coutu-

299 2277 392 2338 lisse?
413 2280 510 2365 credo,
530 2280 578 2355 qui
598 2283 627 2337 te
646 2280 678 2337 iu
692 2286 742 2337 tua
762 2281 884 2338 civitate
905 2280 1079 2335 incolumem
1102 2295 1168 2334 esse

300 2382 424 2448 nollent,
437 2379 469 2436 hi
483 2383 667 2437 monumenta
684 2385 751 2436 tuae
762 2381 868 2436 lormae
883 2395 917 2436 ac
932 2377 1055 2436 nominis
1067 2377 1168 2433 insuia

298 2478 470 2538 civitatibus
484 2496 547 2534 esse
562 2479 728 2551 cupiebant.
769 2481 827 2535 Res
838 2477 1009 2544 declaravit,
1024 2483 1055 2532 ut
1071 2476 1167 2548 cupie-

299 2579 367 2637 rint.
384 2581 554 2652 jamdudum
578 2579 655 2634 enim
675 2579 746 2635 mibi
768 2578 888 2634 nimium
911 2578 1036 2633 tenuiter
1057 2577 1168 2632 Siculo·

298 2690 363 2733 urm
390 2695 458 2750 erga
475 2684 503 2733 te
530 2677 687 2733 voluntatis
708 2683 873 2750 argumenta
898 2677 1037 2748 colligere
1058 2675 1167 2741 videor,

299 2780 395 2841 utrum
414 2781 524 2834 statuas
537 2775 683 2832 volueriut
706 2775 759 2830 tibi
781 2779 916 2837 statuere,
938 2790 974 2828 an
990 2774 1085 2829 coacti
1099 2771 1167 2826 siut.

299 2875 350 2932 De
384 2892 439 2950 quo
472 2874 589 2931 bomine
620 2875 675 2929 hoe
703 2872 830 2928 auditum
857 2878 901 2927 est
929 2887 1073 2943 umquam,
1092 2869 1167 2942 quod

298 2974 354 3030 tibi
374 2973 491 3040 accidit,
514 2979 546 3030 ut
568 2972 629 3046 ejus
655 2971 687 3028 in
710 2970 861 3043 provincia
887 2974 1009 3033 statuae,
1037 2968 1067 3024 in
1094 2967 1166 3023 locis

297 3070 423 3141 publicis
444 3071 564 3140 positae,
578 3070 681 3140 partim
706 3068 794 3124 eliam
813 3065 976 3123 insedibus
997 3066 1097 3132 sacris,
1117 3081 1167 3137 per

298 3163 370 3229 vim,
391 3181 442 3234 per
461 3165 625 3220 uuiversum
640 3165 852 3221 multitudinem
866 3161 1082 3237 dejicerentur?
1105 3164 1166 3219 Tot

298 3261 431 3323 hommes
461 3259 492 3317 iu
526 3260 599 3316 Asia
626 3267 775 3329 nocentes,
800 3267 844 3326 tot
873 3261 903 3317 in
937 3261 1048 3328 Africa,
1071 3266 1116 3317 tot
1136 3261 1167 3317 in

296 3360 453 3432 Hispania,
467 3359 575 3426 Gallia,
584 3359 727 3426 Sardinia,
742 3366 783 3416 tot
798 3361 829 3416 in
846 3360 908 3432 ipsa
924 3359 1027 3416 Sicilia
1038 3359 1166 3414 luerunt:

300 3478 393 3535 ecquo
413 3460 449 3515 de
469 3456 584 3513 homine
608 3459 662 3514 boc
684 3475 816 3531 umquam
840 3454 1026 3520 audivimus?
1048 3457 1167 3512 Novum

239 3540 241 3544 Ι
299 3566 353 3626 est,
370 3559 504 3631 judices:
518 3555 548 3613 iu
565 3556 671 3614 Siculis
686 3556 812 3630 quidem,
824 3554 921 3628 “etin
935 3555 1067 3613 omnibus
1080 3555 1168 3611 Grae·

326 3711 351 3745 '¹³
365 3712 457 3758 Etenim
463 3711 520 3771 illc]
553 3710 635 3756 Addidi
644 3711 684 3756 illa
692 3724 741 3755 cum
749 3707 850 3757 Graevio
859 3725 873 3754 e
881 3710 931 3756 Me.
941 3707 1035 3768 optimo

324 3783 350 3856 '¹3
364 3794 384 3834 at
392 3789 418 3836 iu
427 3791 528 3836 munim
536 3788 635 3850 Graecia]
648 3788 775 3836 bomisudur
784 3788 901 3848 legendum
910 3803 964 3844 esse,
977 3785 1100 3834 rectissime
1110 3784 1173 3854 judi⁴

295 3848 535 3962 {ffageffltisslffiiim
545 3847 625 3954 elslterba
639 3849 695 3895 haec
711 3848 893 3909 mpeoeffl
905 3847 930 3895 in
945 3846 1015 3904 libris,
1032 3844 1168 3908 supreme
