2700 4675
250 549 315 611 Μ
584 534 777 590 mvmiidi
862 561 865 566 ·

250 693 277 752 si
298 691 382 751 vobis
406 691 475 749 ideo
497 689 593 748 levius
613 688 738 755 uidetur,
759 685 836 760 quod
850 682 965 757 putetis
980 684 1060 741 onus'
1069 700 1132 742 esse

250 809 341 866 grove
354 795 387 848 et
407 788 631 856 ineommodum
645 786 795 861 judicare:
816 782 989 857 intelligere
1009 784 1129 852 debetis,

250 890 375 965 primum
387 889 539 956 interesse,
551 892 644 945 utrum
662 885 693 943 id
706 901 778 943 onus
792 887 908 940 vosmet
923 881 984 955 ipsi
998 881 1127 955 rep‘eoeri·

250 988 306 1046 tis:
327 1006 375 1055 nn,
387 988 463 1059 quod
477 988 599 1059 probare
622 987 729 1057 populo
749 983 882 1039 Romano
896 981 987 1038 iidem
1001 986 1126 1038 vestrum

250 1092 281 1145 et
293 1085 463 1159 religionem
476 1100 536 1140 non
550 1082 711 1156 potueritis,
725 1099 761 1138 eo
776 1079 1022 1152 vobisjudioundi
1034 1086 1124 1155 potes·

213 1227 218 1240 .
248 1188 294 1242 uu
307 1187 407 1256 erepte
419 1181 467 1239 sit.
487 1181 595 1238 deinde
607 1180 698 1237 etiem
715 1179 788 1236 iliud
801 1178 941 1253 cogitate,
956 1184 1067 1253 quanto
1079 1196 1122 1252 pe·

248 1283 342 1341 rieulo
363 1280 479 1339 venturi
499 1280 587 1338 simus
601 1281 638 1336 ud
651 1295 702 1335 eos
709 1277 837 1350 judiees,
850 1294 922 1351 quos
935 1283 1055 1351 propter
1066 1276 1122 1334 odi·

249 1399 300 1440 um
313 1380 404 1440 vestri
416 1382 537 1455 populus
551 1379 699 1438 Romanus
707 1378 743 1433 de
754 1376 838 1433 vobis
846 1375 1121 1449 volueritjudionre.

250 1481 363 1539 Verum
378 1479 462 1537 vobis
486 1479 583 1535 dicum
603 1477 643 1544 id,
664 1477 740 1550 quod
763 1474 911 1542 intellexi,
927 1473 1056 1546 jndices.
1076 1476 1123 1531 ho·

250 1579 345 1634 mines
359 1577 463 1634 scitote
471 1594 536 1633 esse
550 1577 698 1650 quosdam,
707 1591 778 1648 quos
791 1578 905 1630 tuntum
918 1572 1018 1630 odium
1030 1571 1123 1629 vestrl

249 1674 359 1731 ordinis
373 1678 482 1741 teneat,
496 1679 528 1729 ut
550 1676 606 1730 hoe
630 1676 726 1745 palum
742 1674 806 1745 jam
820 1672 970 1740 dictitent,
984 1691 1015 1731 se
1026 1678 1122 1741 istum,

249 1789 335 1847 quem
359 1771 454 1829 seiont
473 1788 537 1827 esse
559 1771 708 1828 hominem
727 1770 983 1843 improbissimum,
997 1772 1054 1830 hoc
1068 1787 1122 1829 uno

249 1871 368 1929 nomine
382 1871 496 1927 absolvi
510 1872 597 1937 velle,
611 1874 643 1927 ut
663 1871 701 1926 ab
723 1875 827 1928 senatu
841 1870 958 1943 judicis
980 1889 1033 1944 per
1045 1872 1122 1945 igno

250 1970 371 2029 minium
386 1969 648 2043 turpitudinemque
661 1968 834 2025 auferuntur.
876 1969 963 2026 Haeo
984 1988 1041 2037 me,
1049 1970 1122 2043 judi·

249 2085 310 2135 ees,
324 2068 452 2141 pluribus
463 2067 561 2125 verbis
578 2067 728 2124 vobiscum
742 2085 828 2140 ogere
841 2064 943 2140 ooigit
966 2086 1025 2125 non
1040 2069 1121 2126 timor

250 2182 330 2221 meus
344 2167 382 2221 de
397 2170 493 2221 vestra
506 2166 573 2232 fide,
586 2166 636 2222 sed
651 2183 717 2238 spes
731 2166 845 2223 iliorum
864 2183 955 2234 nove,
970 2184 1045 2241 quse
1059 2183 1121 2224 oum

249 2263 372 2319 Verrem
386 2279 404 2317 n
418 2267 500 2335 porta
524 2263 619 2319 subito
632 2265 668 2320 ad
687 2263 832 2335 judicium
852 2266 1034 2334 retraxisset,
1055 2283 1120 2323 non·

249 2362 323 2420 nulii
332 2361 470 2434 suspicati
484 2367 551 2419 sunt
562 2362 694 2420 nonsine
705 2380 793 2420 eausa
802 2364 879 2422 iliius
893 2365 1051 2424 eonsilium
1065 2371 1120 2423 un

248 2468 368 2534 repente
382 2479 446 2518 esse
460 2467 609 2522 mutatum.

218 2573 237 2630 9
289 2562 317 2616 N
320 2578 386 2627 unc,
401 2579 439 2617 ne
453 2579 531 2618 novo
550 2560 747 2635 querimoniae
764 2579 871 2635 genere
884 2561 929 2618 uti
943 2563 1037 2635 possit
1051 2565 1119 2622 Hor·

247 2657 368 2722 tensius,
390 2655 411 2717 ¹?
421 2662 451 2712 et
465 2677 500 2714 ea
514 2661 620 2726 dicere,
644 2659 768 2732 opprimi
794 2677 882 2726 reum,
905 2662 943 2717 de
969 2680 1028 2735 quo
1049 2662 1119 2719 nihil

247 2754 328 2810 diost
348 2761 517 2826 aecusator3
538 2757 612 2814 nihil
635 2774 699 2813 esse
713 2762 773 2814 tum
794 2758 990 2830 periculosum
1003 2759 1119 2818 fortunis

247 2852 457 2921 innocentium,
482 2872 567 2929 quam
589 2860 686 2912 tacere
710 2857 910 2912 adversarios:
931 2864 964 2915 et
978 2877 1017 2915 ne
1031 2859 1119 2924 aliter,

247 2969 333 3024 quum
352 2971 406 3026 ego
427 2954 527 3020 veiim,
548 2971 643 3010 meum
657 2955 757 3011 laudet
777 2954 936 3026 ingenium,
951 2973 1020 3013 oum
1034 2957 1119 3022 diost,

247 3066 303 3113 me,
315 3050 340 3104 si
354 3053 444 3107 multa
457 3052 606 3117 dixissem,
620 3055 834 3108 sublevaturum
846 3052 933 3108 tuisse
949 3070 1117 3130 eum,quem

246 3145 497 3214 contradicerem,
513 3148 651 3218 quianon
666 3150 799 3216 ‹lixer1m,
811 3150 972 3223 perdidisse
984 3174 992 3208 ε
1013 3169 1117 3210 morem

246 3239 290 3302 illi
304 3259 418 3313 gemm:
441 3248 505 3298 utar
518 3245 647 3302 oratioue
659 3253 796 3320 perpetua
810 3269 816 3303 :
839 3265 896 3304 non
911 3251 1053 3323 quoniam
1067 3252 1117 3307 hoo

246 3337 284 3396 sit
297 3355 435 3411 necesse3
457 3359 556 3400 verum
571 3348 602 3400 ut
616 3346 758 3419 experiar,
778 3352 871 3402 utrum
889 3347 942 3404 ille
965 3349 1042 3406 seret
1064 3364 1116 3407 mo

275 3493 295 3525 ¹⁸
310 3497 362 3540 um
373 3493 463 3555 dicere]
494 3496 603 3547 Quorsum
614 3498 655 3544 su?
668 3497 758 3545 Vereor
767 3503 862 3546 neerei
875 3505 952 3547 ortum
964 3502 1001 3549 sit„
1033 3495 1117 3549 Namd

245 3552 341 3599 maxime
350 3552 415 3598 colon
439 3558 475 3598 ost
484 3555 555 3601 dicere
566 3571 641 3616 ponas,
652 3560 677 3602 ut
687 3562 721 3604 est
730 3558 753 3604 in
764 3560 802 3605 ed.
842 3563 934 3605 umen
945 3561 1027 3608 durum
1038 3562 1115 3607 manet

245 3611 271 3657 ln
282 3611 354 3657 altero
364 3567 464 3657 memKro
473 3612 540 3659 etiarn
550 3615 681 3676 simpliciter
690 3621 731 3671 est,
749 3632 800 3664 cum
826 3617 877 3662 imt.
910 3617 984 3666 Forte
993 3620 1064 3666 etiam
1078 3616 1117 3664 init

243 3669 288 3737 itu:
304 3670 362 3731 quod
373 3674 430 3716 esset
447 3671 576 3740 eleguntim,
587 3679 611 3720 et
625 3674 657 3721 itu
672 3689 740 3736 saepe
750 3675 781 3722 sio
790 3691 840 3724 eum
850 3676 1008 3726 verbodicere
1017 3683 1054 3726 est
1062 3674 1116 3739 spd

245 3726 382 3778 Ciceronem.
393 3745 415 3777 v.
425 3729 489 3777 cleu.
501 3734 572 3777 nou
