2700 4675
463 567 533 620 ΑΜ.
550 570 580 618 11.
595 569 835 619 mana-rumne.
1026 572 1087 631 193

220 719 317 792 licque
336 717 498 775 deducitur.
538 716 661 793 ‘Agunt
681 736 747 775 eum
766 715 956 789 praecipitem
975 733 1087 789 poenae
1097 723 1124 780 3·

222 817 333 873 civium
355 817 567 874 Romanorum:
596 835 666 890 quos
694 818 798 888 partim
818 814 913 871 securi
940 816 1090 887 percussit,

222 915 327 988 partim
340 916 373 972 in
398 915 525 974 vinculis
550 916 678 981 necavit,
698 914 801 986 partim
822 897 1008 985 implorantes
1023 914 1090 985 jura

224 1013 366 1070 libertatis
391 1018 421 1070 et
445 1013 576 1070 civitatis
603 1013 633 1070 in
656 1030 772 1070 crucem
795 1012 919 1069 sustulit.
961 1012 1090 1085 Rapiunt

227 1130 294 1169 eum
308 1114 352 1168 ad
358 1112 530 1186 supplicium
543 1113 584 1169 dii
598 1111 699 1184 patrii:
720 1114 795 1185 quod
808 1112 864 1168 iste
883 1112 1020 1169 inventus
1034 1117 1089 1179 est,

227 1211 307 1284 quie
328 1213 481 1283 complexu
504 1216 652 1283 parentum
674 1213 807 1284 abreptos
829 1211 902 1268 tilios
923 1214 960 1268 ad
984 1229 1089 1269 necem

227 1309 352 1374 duceret,
373 1314 404 1366 et
423 1314 556 1382 parentes
578 1310 702 1382 pretium
724 1328 775 1381 pro
797 1311 942 1381 sepultura
967 1309 1090 1367 libeninr

225 1413 365 1481 posceret
405 1409 576 1481 Religiones
598 1426 668 1464 vero
692 1408 948 1479 caeremoniaeque
962 1408 1091 1464 omnium

224 1524 368 1564 sacrorum
382 1508 569 1580 fanorumque
584 1506 721 1573 violatae,
742 1507 949 1579 simulacraque
963 1508 1090 1573 deorum,

224 1623 297 1680 quae
311 1623 370 1663 non
385 1607 471 1662 modo
484 1624 522 1662 ex
537 1605 595 1662 suis
609 1604 724 1677 templis
738 1607 835 1663 ablata
847 1609 922 1672 sunt,
936 1607 987 1661 sed
1001 1606 1090 1663 etiam
1155 1617 1157 1622 ’

220 1704 321 1777 jacent
335 1704 366 1761 in
381 1704 517 1772 tenebris,
530 1706 567 1760 ab
580 1704 637 1761 isto
658 1709 767 1760 retrusa
787 1709 873 1778 atque
895 1704 1002 1772 abdita,
1021 1722 1090 1761 con-

223 1802 326 1859 sistere
351 1803 411 1874 ejus
433 1804 559 1860 animum
582 1804 646 1859 sine
666 1804 759 1859 furore
781 1808 866 1876 atque
890 1804 1017 1860 amentia
1030 1821 1090 1859 nou

227 1901 334 1957 sinunt.
377 1903 479 1974 Neque
493 1901 547 1956 iste
562 1901 634 1956 mihi
650 1901 765 1957 videtur
777 1918 809 1956 se
823 1902 860 1956 ad
874 1902 1091 1957 damnationem

228 2000 330 2055 offerre
344 2001 445 2064 solum,
457 2015 548 2070 neque
562 1998 618 2053 hoc
633 1997 773 2053 avaritiae
784 1998 926 2070 supplicio
937 1999 1092 2064 communi,

226 2097 276 2173 qai
289 2114 322 2152 se
335 2101 379 2153 tot
389 2096 544 2152 sceleribus
556 2094 754 2163 obstrinxerit,
768 2101 921 2152 contentus
934 2114 1013 2153 esse:
1035 2097 1092 2154 sin·

225 2197 354 2270 gularena
376 2196 518 2269 quandam
537 2212 659 2269 poenam
683 2195 765 2252 istius
783 2193 917 2252 immanis
941 2200 1026 2270 atque
1039 2196 1091 2253 im·

225 2301 347 2370 portuna
361 2301 462 2354 natura
483 2295 635 2353 desiderat.
678 2297 747 2353 Non
772 2295 803 2352 id
823 2298 916 2352 solnm
937 2296 1090 2370 quaeritur,

226 2400 267 2463 ut,
281 2396 337 2452 isto
349 2397 495 2463 damnato,
509 2397 585 2452 bona
606 2394 791 2450 restituantur
803 2394 849 2460 iis,
868 2394 969 2466 quibus
991 2399 1091 2466 erepta

225 2498 307 2550 sunt:
328 2495 424 2550 sedet
443 2493 598 2565 religiones
623 2494 740 2547 deorum
753 2491 958 2547 immortalium
971 2491 1091 2563 expian-

224 2594 291 2659 dae,
311 2600 342 2647 et
365 2591 476 2648 civium
499 2591 693 2646 Romanorum
711 2589 865 2654 eruciatus,
883 2591 1090 2662 multorumque

225 2688 426 2749 innocentium
435 2687 560 2761 sanguis,
568 2686 649 2744 istius
658 2687 928 2759 supplicioluendus
936 2693 989 2744 est.
1020 2689 1090 2745 Non

226 2790 306 2848 enim
319 2787 420 2855 furem,
433 2789 484 2843 sed
506 2786 682 2858 ereptorem:
704 2803 762 2842 non
787 2788 954 2854 adulterum,
976 2789 1027 2843 sed
1040 2806 1091 2844 ex·

225 2895 414 2963 pugnatorem
438 2885 612 2959 pudicitiae:
634 2901 692 2942 non
711 2884 892 2956 sacrilegum,
905 2887 957 2940 sed
978 2887 1091 2942 hostem

226 3004 370 3044 sacrorum
385 2985 627 3060 religionumque:
648 3001 708 3040 non
726 2982 870 3050 sicarium,
884 2985 935 3038 sed
955 2984 1090 3040 cmdelis·

226 3085 329 3142 simum
350 3085 518 3142 carnificem
544 3083 654 3143 civium
681 3082 888 3155 sociommqne
910 3081 940 3139 in
962 3088 1089 3142 vestrum

220 3184 363 3257 judicium
386 3185 573 3240 adduximus:
607 3187 639 3238 ut
660 3198 715 3255 ego
737 3182 814 3238 hunc
835 3199 923 3238 unum
949 3182 1089 3254 ejusmodi

226 3297 307 3336 reum
331 3285 394 3352 post
415 3277 563 3338 hominum
589 3281 758 3337 memoriam
780 3280 866 3336 luisse
888 3283 1016 3349 arbitrer,
1040 3283 1090 3340 oui

226 3378 358 3435 damnari
371 3378 529 3450 expediret.

269 3477 298 3531 N
301 3493 348 3532 am
361 3475 422 3549 quis
442 3476 499 3533 hoc
512 3492 571 3533 non
591 3475 738 3551 intelligit,
751 3475 837 3534 istum
850 3478 1018 3544 absolutum,
1032 3477 1120 3542 diis4

227 3573 448 3648 hominibusque
471 3574 583 3640 invitis,
596 3578 693 3631 tamen
707 3592 745 3633 ex
767 3575 896 3634 manibus
921 3575 1018 3649 populi
1033 3574 1089 3629 Ro-

255 3737 265 3769 ⁸
280 3735 361 3794 ΑΜ
370 3745 421 3777 ΨΜ
434 3728 584 3788 wallum]
599 3727 614 3774 i.
625 3728 654 3775 ad
664 3727 740 3775 insana
756 3729 861 3787 ejusmodi
870 3729 961 3776 consilia
969 3726 1087 3772 deducunt.

230 3797 268 3844 sie
279 3795 369 3842 Sallust.
380 3791 431 3838 Cat
443 3793 478 3838 31.
490 3795 545 3839 extr.
560 3792 588 3839 ub
596 3791 696 3840 inimici,
701 3804 803 3850 pram
811 3805 872 3849 agor.

265 3895 336 3936 vor..
356 3895 399 3934 ιν.
636 3877 672 3930 le
