2700 4675
282 535 347 597 ³04
622 497 813 585 nrvsnnnu

281 678 368 744 iacto,
391 677 551 755 litterisque
572 684 699 750 remotis,
719 688 830 740 tantum
851 679 923 739 milri
945 678 1018 738 licet
1040 679 1152 743 dicere,

280 773 302 808 '⁸
311 784 448 852 quantum
462 796 595 852 possum3
616 787 727 839 tantum
741 780 836 854 judici
849 779 996 853 suspicari,
1010 790 1150 853 quantum

280 877 364 933 velit.
393 877 481 946 Dico,
490 883 519 935 te
533 881 691 937 maximum
705 881 816 953 pondus
829 879 900 946 auri,
911 879 1033 953 argenti,
1044 876 1148 942 eboris,

279 989 429 1046 purpurae,
457 978 608 1048 plurimam
634 984 747 1035 vestem
771 977 968 1045 Melitensem,
994 976 1148 1049 plurimam

279 1074 442 1143 stragulam,
462 1077 581 1132 multam
605 1077 760 1133 Deliacam
784 1076 1003 1149 supellectilem,
1024 1071 1148 1147 plurima

278 1185 350 1226 vasa
364 1170 526 1240 Corinthia,
534 1191 674 1248 magnum
687 1192 835 1232 numemm
846 1173 990 1240 frumenti,
1000 1172 1061 1228 vim
1076 1172 1147 1227 mel·

277 1265 315 1325 lis
336 1267 502 1338 maximam,
527 1271 680 1345 Syracusis
704 1278 888 1346 exportasse:
908 1272 952 1327 his
976 1288 1028 1342 pro
1049 1272 1143 1337 rebus,

277 1367 353 1440 qnod
375 1368 530 1439 portorium
552 1358 611 1427 non
635 1376 713 1428 esset
733 1372 841 1439 datum,
854 1369 961 1428 litteras
984 1369 1021 1424 ad
1044 1367 1144 1423 socios

276 1461 390 1521 misisse
409 1465 444 1523 L.
459 1466 642 1541 canulejum,
655 1469 705 1542 qui
718 1469 750 1526 in
764 1474 846 1543 portu
859 1484 960 1541 operas·
971 1466 1064 1522 daret.

315 1561 433 1619 Satisne
447 1581 583 1639 magnum
596 1566 652 1622 hoc
667 1567 777 1623 crimen
792 1564 930 1623 videtur?
950 1567 1069 1629 nullum,
1081 1564 1142 1634 opl-

274 1673 335 1723 nor‚
349 1658 449 1730 majus.
492 1661 570 1730 Quid
592 1662 729 1717 defendet
751 1660 947 1718 Hortensius?
978 1660 1141 1735 postulabit,

273 1757 306 1811 at
331 1754 442 1812 litteras
472 1756 607 1830 Canuleji
635 1756 799 1831 proteram?
827 1758 940 1815 crimen
968 1758 1138 1833 hujusmodi,

274 1851 332 1911 nisi
344 1852 449 1911 litteris
471 1855 664 1925 confirmetur,
677 1856 765 1913 inane
780 1874 843 1912 esse
856 1855 960 1915 dicet?
981 1851 1142 1924 'clamaba

273 1952 385 2010 litteras
408 1959 531 2019 remotas
559 1973 622 2011 esse
650 1956 687 2011 de
711 1953 826 2012 medio:
854 1955 973 2012 decreto
997 1957 1142 2013 sociorum

273 2057 372 2124 erepta
386 2051 456 2109 mihi
478 2070 541 2109 esse
563 2052 645 2110 istius
667 2052 778 2110 indicia
799 2070 834 2110 ac
857 2058 1042 2110 monumenta
1055 2054 1141 2111 furto

273 2164 344 2205 rum.
376 2150 448 2206 <Aut
459 2150 514 2238 poc
528 2152 687 2207 contendat
700 2168 855 2225 numquam
868 2169 931 2207 esse
944 2151 1069 2208 laetam:
1090 2157 1140 2208 aut
1242 2183 1244 2186 ·

271 2245 369 2305 omnia
381 2247 441 2302 tela
454 2239 584 2320 eieipiat
597 2254 785 2305 neeesscest.
819 2250 917 2321 Negas
929 2264 993 2313 esse
1007 2245 1141 2305 sactum?

271 2347 369 2419 placet
381 2344 453 2403 mihi
466 2325 526 2423 isla
535 2346 682 2403 defensio:
703 2348 861 2404 descendo.
873 2334 1055 2420 aeqna'anim
1068 2362 1139 2401 con·
1224 2361 1226 2364 ’

270 2442 353 2513 ditio,
367 2461 489 2520 aequum
501 2431 656 2502 bertamen
676 2445 852 2517 proponitur,
864 2443 1020 2517 producam
1039 2447 1139 2511 testes,

271 2548 302 2600 et
319 2545 475 2616 producam
493 2532 588 2617 plures
609 2544 711 2599 eodem
732 2548 881 2614 tempore:
912 2540 1048 2614 quoniam
1068 2548 1138 2608 tum,

270 2649 338 2698 oum
351 2645 447 2697 actum
458 2645 511 2708 est,
525 2657 582 2698 una
602 2640 724 2706 luerunt,
743 2638 763 2671 ⁰⁵
774 2655 849 2696 nunc
864 2648 974 2712 quoque
988 2656 1046 2694 una
1060 2639 1139 2696 siata

269 2754 336 2796 sum
350 2738 607 2811 interrogabantur,
621 2737 784 2810 obligentur
797 2752 855 2792 non
869 2738 962 2791 solum
970 2735 1136 2809 jurisjuran-

268 2836 300 2894 di
313 2838 398 2908 atque
412 2835 635 2894 existimationis
655 2836 793 2910 periculo,
810 2833 861 2890 sed
881 2832 970 2890 etiam
989 2833 1138 2890 communi

268 2932 346 2991 inter
358 2951 390 2990 se
404 2933 595 2991 conscientia.
636 2933 669 2990 Si
684 2935 800 3006 planum
814 2931 854 2998 fit,
868 2931 924 2987 hoc
938 2929 989 2997 ita,
1002 2932 1136 3004 quemad·

266 3031 385 3093 ¹modum
405 3031 482 3097 dico,
503 3049 567 3087 esse
586 3031 711 3087 iactum:
734 3047 801 3087 num
816 3027 925 3102 poteris
941 3026 1047 3093 dicere,
1062 3029 1137 3084 Hor-

259 3122 354 3193 tensi,
368 3124 442 3178 nihil
456 3125 563 3181 inistis
577 3126 664 3180 tuisse
679 3127 793 3193 litteris,
807 3128 883 3201 quod
904 3126 1027 3184 Verrem
1039 3128 1138 3185 laede·-

282 3272 322 3380 οἷς
333 3274 440 3333 motum
446 3271 550 3332 possum]
581 3273 619 3319 Aa
633 3272 722 3331 possim,
732 3273 784 3335 quia
800 3283 853 3338 post
868 3285 902 3327 est
919 3286 934 3328 t.
949 3281 971 3338 j.
991 3293 1009 3326 r.
1026 3286 1135 3340 paruum

267 3344 282 3394 v
296 3411 319 3443 ⁰⁵
332 3423 394 3480 nunc
403 3423 486 3480 paupere
494 3423 541 3456 unu
550 3410 601 3458 unt.
644 3411 713 3459 Edidi
722 3412 776 3469 ant,
786 3429 827 3473 pro
837 3416 928 3474 vulgato
941 3420 1000 3464 sunt.
1016 3430 1061 3462 noo
1075 3418 1135 3465 enim

267 3471 311 3516 hoc
320 3474 457 3528 cornungrtor
464 3481 512 3514 eum
523 3475 575 3514 ante
616 3475 674 3525 ente,
684 3472 839 3528 uruficerunt,
850 3478 875 3518 ut
885 3475 955 3520 visum
965 3478 999 3520 est
1008 3473 1102 3520 librariis
1111 3480 1135 3521 et

267 3527 388 3574 editoribus
396 3546 403 3585 ;
419 3541 490 3588 aeque
499 3526 558 3572 enim
567 3532 615 3574 tum
621 3530 668 3586 jam
679 3545 723 3576 una
736 3530 835 3575 aderant.
848 3533 887 3577 sod
902 3543 953 3591 post
961 3531 1053 3578 affabrri
1062 3540 1133 3589 erant,

267 3587 536 3691 pppnaproduoerentur:
552 3586 591 3632 sed
600 3602 649 3634 cum
658 3587 853 3650 consequentibus:
868 3604 915 3635 uno
930 3590 976 3637 sint
989 3619 999 3628 -
1012 3615 1022 3624 ·
1037 3591 1133 3647 olligen-

267 3678 334 3748 9ᾱῶ
368 3657 391 3693 es
400 3648 434 3694 est
443 3645 564 3706 perspicua.
597 3647 674 3706 ltaque
684 3662 727 3695 soa
737 3646 843 3706 dubitavi,
853 3653 931 3697 contra
940 3648 1096 3700 libroomnes
1102 3649 1136 3698 sic
