2700 4675
275 555 316 614 88
644 541 770 592 ORA'HO
1025 595 1041 640 ³

273 712 353 756 nnnc
372 695 496 770 primum
515 692 548 750 in
569 689 745 764 Capitonem
768 687 910 746 conterri-
955 690 1070 752 blnlmr
1090 705 1140 750 sss

274 797 396 854 infames
409 796 537 868 palmas:
558 792 634 847 banc
647 788 770 863 primam
783 804 850 844 esse
871 793 979 849 husen
1003 792 1139 851 lemnisca-

274 900 344 962 turn,
358 892 379 926 ⁶¹
400 909 473 966 quus
495 892 607 947 Romae
627 887 786 945 delemur:
807 887 926 944 nullum
948 891 1072 948 modum
1090 906 1138 946 sse

274 995 399 1053 hominis
425 990 590 1058 occidendi,
610 1006 667 1064 quo
690 988 741 1044 ille
764 1003 824 1044 non
848 987 968 1062 aliouot
991 991 1138 1050 occiderit:

273 1095 377 1150 mullos
398 1091 481 1157 terro,
507 1090 612 1145 multos
634 1103 759 1144 veneno.
800 1085 911 1142 Habeo
930 1088 1028 1147 etium
1048 1091 1139 1154 dicem

272 1208 357 1266 quem
371 1196 472 1247 eontra
486 1205 594 1246 morem
607 1187 755 1261 majorum,
769 1182 916 1241 minorem
930 1187 1023 1245 annis
1037 1187 1138 1256 nm
1198 1197 1202 1272 ξ

272 1295 361 1364 ponte
374 1290 407 1347 in
421 1289 555 1347 Tiberim
575 1288 723 1362 dejecerit
737 1305 820 1362 quse,
842 1287 868 1344 si
882 1288 1044 1358 prodierit,
1067 1272 1136 1361 aba
1205 1269 1212 1326 -’

272 1391 347 1448 adeo
372 1407 439 1448 curn
473 1388 610 1462 prodierit
636 1385 712 1465 (scio
737 1386 816 1444 enim
848 1387 1039 1460 proditurum
1074 1377 1137 1458 ema)

272 1490 379 1547 surliel.
420 1490 532 1547 Veniat
545 1490 647 1545 modo:
668 1487 798 1560 explicet
809 1503 892 1542 suum
908 1490 1056 1546 volumen
1070 1484 1139 1550 illut,

271 1588 346 1659 quod
355 1587 393 1651 ei,
402 1589 519 1657 planum
528 1587 625 1644 lacere
634 1603 747 1660 possum
756 1584 907 1652 Erucium,
916 1586 1136 1660 conscripsisse:

271 1685 346 1756 qnod
360 1685 441 1755 ajunt
453 1683 535 1740 illurn
561 1687 631 1741 Sex.
657 1683 765 1742 Roscio
784 1683 952 1742 intentasse
977 1690 1012 1742 et
1036 1684 1138 1744 minito·

271 1787 332 1840 urm
346 1800 418 1850 osse,
433 1801 464 1840 se
478 1784 576 1840 omniu
590 1783 641 1840 illa
655 1802 705 1856 pro
719 1781 886 1839 testimonio
900 1799 969 1840 esse
992 1786 1138 1842 dictamus·

271 1882 491 1956 Opraeolurum
505 1888 618 1951 testem,
639 1883 772 1955 jndices!
793 1898 812 1937 o
825 1882 1009 1953 gravitatem
1031 1884 1139 1958 (lignun

270 1982 507 2055 exspectatione!
527 1981 548 2013 ⁸⁵
561 2000 580 2038 o
594 1982 686 2039 vitam
708 1982 868 2046 honestam,
888 1984 980 2054 utque
995 1979 1141 2057 ejusmodi,

271 2086 302 2136 ut
315 2082 471 2137 libentibus
493 2081 597 2137 animis
610 2079 631 2112 ⁰⁰
644 2081 680 2135 sd
702 2079 763 2150 ejus
787 2077 991 2136 testimonium
1019 2086 1139 2138 vestran

263 2175 463 2247 jusjurandum
487 2179 729 2235 accommodetis!
752 2179 886 2235 Profecto
909 2196 974 2237 non
1002 2186 1066 2240 tam
1088 2197 1140 2256 per·

268 2272 367 2346 spicue
382 2274 499 2331 istorum
521 2276 664 2331 maleficis
679 2277 850 2345 videremus,
864 2276 922 2333 nisi
937 2278 1022 2352 ipsos
1041 2295 1140 2340 caeam

215 2379 257 2438 36
269 2376 401 2434 redderet
414 2376 566 2450 cupiditas,
581 2381 610 2434 et
624 2377 757 2444 avaritia,
771 2382 802 2434 et
822 2376 958 2434 audacis.
1003 2382 1094 2439 Alter
1105 2396 1138 2437 ex

267 2477 330 2550 ipsu
351 2479 442 2535 caede
466 2480 613 2535 volucrem
636 2477 767 2534 nuntium
793 2476 943 2533 Ameriam
966 2481 1007 2537 au
1033 2481 1138 2538 socium

267 2583 352 2650 atque
375 2580 411 2633 od
436 2579 602 2651 magistrum
625 2595 707 2633 suurn
726 2576 821 2644 misit;
842 2581 883 2643 ut,
904 2576 931 2632 si
956 2578 1138 2639 dissimulas

267 2690 367 2731 omnes
387 2681 525 2746 cuperent
549 2694 580 2731 se
595 2677 679 2743 scire,
693 2677 729 2732 ad
756 2692 841 2748 quem
855 2676 1037 2737 maleficium
1059 2677 1137 2753 perti-

266 2780 357 2840 neret,
371 2778 468 2830 tumen
482 2773 545 2846 ipse
558 2781 688 2848 apertum
702 2791 783 2831 suum
805 2775 899 2830 scelus
910 2779 983 2833 ants
1008 2778 1135 2835 omnium

266 2874 365 2931 oculos
389 2880 515 2948 poneret.
558 2875 644 2932 Alter
657 2870 694 2951 (si
717 2873 772 2929 diis
793 2872 1005 2931 immortalibus
1030 2873 1137 2951 plsoet)

268 2974 463 3031 testimonium
490 2975 579 3031 etism
605 2974 636 3031 in
665 2974 736 3029 Sex.
761 2971 899 3028 Roscium
925 2972 1063 3035 uicturus
1087 2978 1134 3033 est.

268 3069 359 3137 Quasi
380 3087 451 3127 vero
471 3072 500 3126 id
520 3088 597 3126 nunc
622 3077 730 3144 agatur,
753 3075 847 3127 utrum
868 3069 894 3125 is
917 3073 997 3142 quod
1022 3074 1137 3142 dixerit.

266 3164 456 3232 credendum3
477 3183 514 3222 un
528 3169 603 3239 quod
616 3170 727 3237 lecerit,
741 3169 950 3227 vindicandum
962 3171 1012 3229 sit.
1036 3174 1134 3249 ltaque

294 3316 316 3348 Μ
330 3330 384 3374 quae
393 3316 475 3363 Romae
490 3319 544 3380 def]
567 3320 669 3366 Arbitror
686 3322 824 3368 scribendum
841 3320 912 3368 Rom
929 3325 968 3370 vel
987 3326 1063 3374 Romo
1078 3326 1129 3373 eta

264 3376 353 3482 Nsmffie
363 3376 451 3422 Rornae
465 3393 508 3425 non
521 3382 593 3426 tuerat
602 3379 624 3425 iu
639 3380 682 3426 ista
691 3383 759 3427 coede
774 3381 863 3442 Capito,
873 3383 911 3427 sod
922 3385 1040 3432 Alliariae.
1074 3386 1130 3444 Ergo

264 3451 308 3482 non
341 3450 404 3481 ornae
414 3436 553 3485 deferebatur
569 3440 651 3500 palma,
662 3441 701 3486 sed
718 3441 800 3498 Roma,
818 3456 858 3501 per
875 3441 941 3487 istum
951 3443 1084 3503 Glauciam,
1099 3442 1132 3507 qui

263 3497 354 3543 eaedem
363 3495 442 3540 luctam
452 3497 575 3543 nunciabat.

291 3577 314 3610 σε
327 3575 357 3622 0!
376 3575 578 3637 cumulatum]
594 3564 655 3628 otiu
665 3575 758 3623 urvis
775 3577 886 3626 nonnul
900 3592 929 3624 an
945 3581 1034 3642 scopus
1050 3583 1127 3631 croem

261 3635 339 3683 cirrum
356 3635 469 3682 iuuenum
485 3638 547 3737 ulgus
566 3651 583 3681 e.
622 3638 683 3682 Nam
699 3651 797 3706 sequeus,
810 3642 837 3682 ut
853 3638 883 3682 orl
898 3637 948 3694 ejas:
972 3641 1127 3697 unimodum

261 3695 331 3741 verbs
340 3708 446 3756 personae
456 3693 503 3738 deu
518 3697 573 3749 erat,
588 3696 616 3741 ad
627 3710 685 3756 quae
694 3695 736 3741 hoo
746 3710 794 3753 mur
803 3696 990 3744 accommodetm.

290 3773 350 3820 ”aa
359 3791 376 3820 c.
389 3779 403 3819 t.
410 3772 577 3832 jusjurandum
592 3788 612 3819 u.
624 3775 803 3835 accommodate]
820 3775 910 3823 aneton
922 3774 1010 3825 nouit.
1022 3778 1044 3825 Β.
1052 3777 1128 3837 persa·

173 3832 177 3841 '
258 3830 685 3880 unammualmuacummaero.
