2700 4675
314 584 378 646 asa
650 576 843 628 mmm
941 573 947 583 '

311 722 375 786 'nou
387 728 479 784 solum
492 724 699 801 rempublicam
713 731 848 794 nostram,
861 725 913 782 sed
926 723 1016 782 etiam
1034 722 1066 782 in
1080 722 1186 800 quo‘vis

314 826 433 884 homine
456 826 573 899 privato
599 842 706 883 nomen
733 825 827 898 ipsum
851 825 1047 881 Romanorum
1073 838 1188 896 semper

315 922 463 990 dilexerit,
477 941 513 980 ea
526 923 644 998 publiea
657 923 783 981 oonsilio
795 928 880 997 atque
894 921 1066 979 auctoritate
1074 921 1188 994 judiea-

313 1021 361 1089 rit,
383 1021 420 1080 C.
434 1022 536 1080 Verris
556 1027 664 1079 statuas
679 1040 742 1078 esse
762 1021 794 1078 in
807 1023 876 1077 urbe
896 1037 951 1077 sua
965 1037 1023 1077 nou
1043 1025 1186 1092 oportere.

314 1119 467 1177 recitarem
494 1120 612 1176 decreta
639 1118 902 1192 Centuripinorum.
930 1119 1076 1175 laudarem
1102 1117 1185 1174 illam

314 1217 484 1274 civitatem:
498 1217 529 1273 id
537 1217 613 1291 quod
624 1216 775 1273 verissime
786 1234 911 1289 possem.
922 1231 1185 1282 oommemorarem,

314 1314 419 1371 decern
438 1315 531 1372 millia
554 1315 664 1373 civium
679 1313 943 1388 Centuripinorum,
963 1313 1185 1371 fortissimorum

315 1412 600 1488 fidelissimorumque
615 1413 767 1480 sociorum,
781 1431 830 1469 eos
850 1430 949 1469 omnes
968 1411 1111 1476 statuisse,
1126 1427 1184 1467 uo·

315 1528 489 1569 urunuuvu
514 1528 613 1569 rsrrvs
639 1530 671 1568 ru
703 1529 760 1569 sva
788 1527 932 1568 crvrraro
955 1527 1081 1567 uvuavu
1106 1525 1183 1564 essu

315 1625 484 1666 orournun.
527 1610 609 1665 Haeo
630 1619 689 1666 tum
713 1610 851 1674 dicerem,
875 1610 899 1664 si
920 1613 1028 1664 statuas
1043 1607 1182 1663 Metellus

313 1720 372 1760 uon
387 1705 568 1776 reposuisset
579 1707 680 1761 Velim
691 1722 827 1777 quaerere
838 1722 914 1760 nunc
924 1722 962 1759 ex
971 1705 1037 1775 ipso
1044 1703 1179 1772 Metello,

313 1801 450 1877 quidnam
476 1819 527 1859 sua
541 1802 572 1859 vi
595 1807 626 1859 et
649 1801 819 1859 auctoritate
833 1801 904 1857 mihi
918 1819 956 1856 ex
979 1801 1035 1857 hao
1049 1801 1181 1858 oratioue

313 1901 495 1973 praeciderit.
516 1902 617 1957 eadem
631 1900 733 1973 opinor
747 1899 845 1957 omnia
864 1899 1034 1956 convenire.
1076 1900 1180 1973 Neque

315 1998 404 2065 euim,
426 1999 451 2055 si
479 1999 605 2056 maxime
628 2004 741 2055 statuae
768 1998 899 2070 dejectae
921 2003 1028 2065 essent,
1055 2015 1104 2054 eas
1126 2015 1182 2071 ego

314 2096 399 2152 vobis
410 2114 523 2168 possem
531 2098 666 2168 jacentes
680 2099 841 2154 ostendere.
854 2098 909 2153 hoe
917 2114 976 2153 uno
986 2102 1096 2153 uterer:
1108 2095 1181 2153 eivi-

313 2196 403 2247 tetem
418 2199 477 2249 tam
498 2211 617 2266 gravem
631 2200 740 2250 statuas
755 2195 903 2266 judicasse
919 2195 955 2252 G.
970 2194 1070 2250 Verris
1084 2196 1182 2251 demo-

313 2287 435 2345 liendas.
459 2291 513 2346 hoe
534 2289 605 2346 mitri
630 2291 768 2348 Metellus
786 2310 845 2349 non
866 2292 985 2367 eripuit:
1009 2293 1064 2349 hoe
1088 2293 1180 2351 etiam

313 2386 433 2455 addidit,
456 2393 487 2444 ut
512 2405 653 2462 quererer,
674 2390 699 2445 si
725 2390 797 2447 mihi
822 2391 975 2458 videretur,
998 2395 1056 2446 tam
1077 2390 1180 2463 iniquo

306 2486 374 2560 jure
384 2486 471 2543 sociis
482 2492 568 2561 atque
581 2488 683 2544 amicis
698 2489 841 2561 imperari,
854 2494 886 2546 ut
898 2490 936 2545 iis
950 2507 986 2545 ne
999 2488 1031 2545 iu
1049 2489 1107 2545 suis
1118 2489 1178 2562 qui·

312 2584 380 2642 dem
399 2586 548 2641 beneficiis
562 2586 653 2643 littero
668 2587 782 2659 judicio
795 2588 837 2644 uti
851 2589 970 2645 liceret:
990 2595 1020 2645 ut
1035 2606 1088 2643 vos
1100 2603 1180 2662 roga·

311 2700 382 2749 rem,
397 2689 428 2739 ut
438 2684 637 2757 'conjecturam
652 2685 794 2752 laceretis,
809 2688 922 2759 qualem
941 2687 1030 2744 iuliis
1052 2690 1135 2744 rebus
1146 2686 1178 2744 in

311 2797 359 2837 me
386 2782 421 2837 L.
451 2781 604 2838 Metellum
624 2782 712 2839 tuisse
736 2784 883 2856 putaretis,
907 2784 938 2841 in
965 2787 1066 2859 quibus
1093 2787 1176 2842 rebus

311 2880 415 2935 obesse
433 2880 505 2936 milri
522 2886 626 2953 posset,
640 2898 706 2937 eum
724 2880 755 2936 iu
769 2881 824 2937 hac
839 2899 869 2937 re
883 2886 943 2937 tam
956 2888 1055 2955 aperta
1068 2881 1178 2955 eupidi-
1202 2927 1205 2934 .

311 2980 372 3032 tate
386 2977 479 3044 luerit,
493 2978 524 3033 in
539 2996 593 3051 qua
608 2980 681 3035 nihil
695 2978 795 3035 obluit.
839 2980 897 3036 Sed
912 2997 967 3052 ego
980 2980 1102 3037 Metello
1116 2997 1177 3037 non

311 3071 427 3140 irascor,
449 3093 541 3150 neque
560 3076 588 3131 ei
611 3094 691 3132 suam
711 3077 910 3149 purgationem
934 3077 1032 3149 eripio,
1052 3095 1108 3150 qua
1124 3079 1176 3136 ille

308 3170 384 3237 apud
398 3186 498 3225 omnes
521 3171 617 3238 utitur,
638 3177 670 3226 ut
682 3172 754 3227 nihil
770 3175 923 3243 malitiose,
936 3191 1028 3250 neque
1042 3178 1176 3235 consulto

306 3258 410 3319 ¹iecisse
422 3264 562 3320 videatur.

255 3376 297 3434 09
348 3364 366 3417 J
369 3381 415 3419 am
426 3362 513 3435 igitur
525 3371 570 3419 est
581 3363 623 3420 ita
636 3366 829 3439 perspicuum,
840 3376 872 3427 ut
885 3389 992 3445 negare
1002 3389 1061 3429 nou
1075 3372 1176 3445 possis,

307 3463 417 3518 nullam
435 3459 488 3521 tibi
501 3465 625 3521 statuam
640 3465 789 3522 voluntate
803 3467 972 3541 cujusquam
984 3471 1097 3527 datum:
1112 3472 1174 3527 nul·

306 3561 365 3617 lam
376 3559 529 3633 pecuniam
540 3565 697 3619 statuarum
708 3563 836 3631 nomine,
849 3566 906 3620 uisi
922 3567 953 3623 vi
966 3584 1132 3640 expressam
1143 3571 1174 3625 et

307 3666 450 3716 coactam.
492 3658 558 3728 Quo
573 3662 690 3732 quidem
713 3660 744 3718 iu
766 3662 887 3720 erimine
907 3682 968 3720 nou
989 3664 1060 3721 illud
1082 3670 1174 3724 solum

306 3754 432 3828 intelligi
447 3757 524 3821 volo,
533 3759 562 3811 te
576 3760 613 3816 ad
624 3763 732 3821 statuas
742 3758 832 3820 ”fle
847 3777 909 3817 cxx
921 3763 1017 3822 millia
1025 3763 1172 3841 coegisse:

334 3904 355 3939 ⁸¹
368 3904 422 3955 HS
429 3921 479 3956 m.
489 3906 531 3967 ιιι]
541 3919 563 3954 v.
574 3910 712 3977 mpmssdc.
721 3917 756 3963 57.
