2700 4675
429 578 492 629 nno
506 577 575 629 suu.
592 576 708 628 soemo
722 577 885 627 sunnine.
1031 554 1092 642 iot

221 724 392 785 calamitate
405 726 482 783 affici
496 726 587 784 velis:
609 728 635 784 si
655 726 709 783 tihi
722 727 820 802 curnis
833 742 895 793 sua,
907 727 1023 797 praeter
1036 724 1095 782 sni-

225 842 313 891 mam‚
328 823 455 891 tradidit,
468 842 525 882 uec
539 824 595 881 sihi
609 824 762 897 quidquem
773 828 933 897 paternum,
946 840 985 879 ne
999 839 1096 881 monu-

227 922 321 982 menti
334 922 452 994 quidem
465 940 562 989 causa,
577 922 754 979 reservavit:
774 941 826 995 per
833 924 903 979 deos
912 921 1096 990 immortales,

227 1038 302 1098 quae
315 1020 373 1076 iste
387 1025 468 1077 tauta
486 1021 641 1077 crudelitas
660 1018 725 1079 est?
743 1040 816 1096 quae
830 1026 890 1078 ten
902 1020 963 1076 iera
976 1019 1097 1078 immuu-

227 1118 309 1193 ieque
323 1116 449 1176 natura?
468 1119 541 1192 Quis
555 1137 688 1194 umquam
701 1122 808 1194 praedo
819 1120 874 1178 tuit
887 1125 946 1176 tam
960 1118 1096 1187 nefarius,

228 1217 291 1291 quis
306 1217 399 1290 pirata
411 1222 471 1275 tam
485 1220 627 1287 barbarus,
650 1225 691 1287 ut,
704 1237 771 1277 curn
794 1219 937 1293 integram
958 1219 1095 1291 praedam

226 1315 292 1372 eine
305 1316 444 1391 sanguine
459 1318 565 1375 habere
578 1323 685 1392 posset,
699 1323 820 1376 cruenta
832 1316 925 1390 spolia
944 1318 1094 1374 detrahere

224 1412 348 1473 mallet?
379 1416 446 1473 Seis
467 1417 545 1474 hunc
570 1417 644 1473 nihil
669 1417 786 1482 hahere,
800 1415 874 1472 nihil
894 1416 1008 1482 audere,
1021 1415 1097 1473 nihil

224 1530 319 1589 pesse,
333 1514 408 1570 nihil
431 1532 566 1588 umquam
580 1519 682 1572 contra
703 1531 765 1571 rem
780 1518 859 1571 tuam
882 1512 1045 1587 cogitasse:
1064 1516 1096 1571 et

222 1618 325 1671 tamen
338 1630 487 1686 oppugnas
502 1631 577 1682 eum,
594 1631 679 1689 meru
693 1630 786 1687 neque
799 1617 928 1671 metuere
942 1618 1033 1685 potes,
1046 1630 1095 1670 rre-

224 1729 281 1786 que
295 1712 391 1769 odisse
405 1714 503 1780 debes,
527 1731 582 1771 nec
604 1713 758 1788 quidquam
783 1713 889 1769 hebere
907 1713 970 1785 jam
991 1711 1095 1786 reliqui

224 1808 320 1876 vides,
334 1812 409 1883 qnod
422 1812 452 1867 ei
472 1813 624 1869 detrahere
647 1813 759 1885 pessis:
781 1812 838 1868 nisi
862 1812 918 1867 hoc
942 1811 1094 1884 iudignum

225 1911 320 1979 putas,
333 1910 409 1980 quad
422 1909 561 1965 vestitum
581 1911 683 1965 sedere
706 1910 739 1966 in
757 1910 872 1981 judicio
885 1909 987 1965 vides:
1008 1925 1094 1982 quern

224 2008 260 2059 tu
273 2021 290 2058 e
303 2005 486 2076 patrimonio,
500 2010 645 2079 tamquam
659 2024 675 2062 e
699 2006 857 2081 naulragio,
880 2008 988 2064 nudum
1008 2024 1096 2079 expu—

227 2100 300 2157 listi.
343 2102 434 2173 Quasi
448 2120 518 2159 vero
537 2104 661 2172 nescias,
682 2106 760 2162 hunc
784 2110 814 2162 et
837 2104 878 2161 eli
900 2110 932 2161 et
954 2104 1096 2161 vestiris
1118 2176 1120 2178 ι

226 2198 371 2268 Caecilia,
390 2198 411 2231 ⁹⁴
421 2202 566 2260 Balearici
579 2203 647 2272 lilia,
663 2205 787 2278 Nepotis
801 2222 907 2273 surore,
920 2203 1095 2277 spectatissi-

224 2318 275 2360 ma
287 2302 430 2362 foemina:
450 2321 523 2380 quae
537 2320 604 2363 cum
615 2311 727 2380 patrem
740 2305 945 2377 clarissimum,
954 2303 1095 2378 amplissi-

222 2418 288 2460 mos
309 2407 433 2475 patmos,
455 2403 668 2462 ornatissimum
691 2405 809 2462 fratrem
831 2406 962 2481 haberet,
987 2409 1096 2470 tumen

224 2516 294 2557 cum
308 2507 385 2557 esset
398 2502 509 2568 mulier,
520 2502 627 2558 virtute
638 2501 770 2574 perfecit,
780 2508 821 2569 ut,
838 2501 859 2534 ⁹⁵
870 2506 978 2575 quanto
988 2502 1098 2557 horrore

225 2597 340 2670 ipsaex
354 2597 468 2654 illorum
481 2599 623 2671 dignitate
637 2601 806 2668 afficeretur,
824 2617 883 2656 uon
903 2599 1016 2656 minora
1037 2598 1097 2656 illis

225 2692 399 2752 ornamenta
412 2712 450 2752 ex
469 2713 520 2752 sue
542 2698 626 2755 laude
639 2699 781 2754 redderet.
823 2699 872 2757 An
886 2698 962 2774 quod
975 2698 1096 2774 diligen·
1106 2701 1145 2761 51

227 2800 275 2852 ter
287 2794 459 2862 detenditur,
473 2795 503 2851 ld
518 2794 571 2851 tibi
591 2795 744 2869 indiguum
757 2796 867 2854 lacinus
882 2795 1019 2855 videtur?
1040 2797 1096 2855 Mi·

225 2893 260 2952 hi
274 2894 369 2961 crede,
383 2895 408 2950 si
422 2911 476 2967 pre
487 2894 575 2967 petris
589 2894 650 2968 ejus
672 2895 804 2969 hospitiis
828 2901 859 2952 et
879 2895 972 2969 gratis
985 2899 1097 2954 vellent

224 3009 327 3049 omues
342 2993 426 3066 huJ'us
440 2993 568 3067 hospites
582 2995 694 3062 adesse,
708 2998 740 3050 et
749 2995 889 3051 auderent
900 2995 989 3051 libere
1000 2994 1096 3053 delen·

225 3091 312 3148 dere:
332 3092 402 3149 satis
417 3092 537 3165 copiose
550 3093 762 3150 defenderetur.
777 3093 823 3150 siu
844 3098 942 3150 auteur
955 3110 1006 3166 pra
1018 3112 1095 3169 mag-

226 3190 361 3247 nitudine
374 3191 507 3266 iujuriae,
529 3209 635 3266 proque
655 3193 790 3266 eo‚-qu0d
811 3209 921 3250 summa
933 3193 1096 3266 respublica

227 3286 262 3343 in
275 3287 359 3360 hujus
372 3290 501 3361 periculo
520 3294 655 3358 tentatur,
676 3291 751 3347 haec
774 3308 874 3348 ornnes
894 3290 1094 3349 vindicarent:

225 3385 388 3442 consistere
402 3389 567 3446 mehercule
588 3391 673 3447 vohis
694 3389 751 3446 isto
772 3390 804 3446 in
827 3392 891 3446 loco
904 3407 963 3446 nou
982 3391 1094 3447 liceret.

227 3484 319 3542 Nunc
333 3484 375 3541 ite
384 3486 556 3555 deleuditnr,
570 3498 630 3546 hon
641 3505 714 3545 sane
728 3494 760 3545 ut
772 3491 892 3546 moleste
906 3489 979 3546 terre
993 3490 1095 3544 edver-

258 3637 281 3672 ⁰⁴
295 3637 410 3684 Balearics'
421 3637 457 3692 fil.
466 3639 523 3697 Nep.
533 3641 586 3703 ean]
618 3657 640 3687 v.
650 3656 716 3703 supra
724 3643 753 3688 ad
763 3657 782 3689 c.
796 3646 829 3691 lo.

242 3790 520 3943 ΨἝΨΨΞΜ
529 3792 666 3941 wizwile
677 3839 765 3886 honore.
797 3814 829 3884 Et
838 3836 949 3882 interdum
958 3832 1028 3878 verbe
1037 3787 1095 3879 iuli¹

282 3908 296 3937 v
320 3908 353 3941 err
369 3909 394 3941 ur
407 3909 438 3942 uc
496 3909 581 3943 anun.
