2700 4675
438 586 511 637 ΛΒΤ.
527 587 557 635 ll.
572 585 670 635 LIBER
684 583 862 636 emortuus.
1025 588 1085 650 ΞΠ

220 725 420 790 suburbanitas
434 739 479 791 est
493 735 611 808 hujusce
626 733 805 808 provinciae.
839 733 907 789 lens
916 748 987 789 vero
999 732 1090 789 horni-

222 847 292 887 num
313 830 447 904 ipsorum,
455 831 580 903 jndices,
599 850 635 888 ec
646 832 801 905 patientis,
813 831 914 898 virtus,
933 830 1092 905 surgamus·

224 945 279 1004 que
293 937 346 997 est,
359 934 392 986 ut
401 928 533 1003 proxime
547 929 584 985 sd
595 936 721 985 nostram
732 928 915 1004 disciplinam
922 930 1004 988 illum
1013 934 1092 985 vete·

224 1041 294 1095 rem,
316 1046 375 1085 non
394 1028 432 1084 nd
455 1029 541 1095 hanc,
554 1044 628 1101 quae
650 1044 727 1084 nunc
751 1027 917 1096 increbruit,
938 1028 1093 1085 videantur

225 1128 376 1183 secedere.
401 1126 473 1183 nilril
494 1131 652 1183 ceterorum
677 1123 773 1182 simile
792 1126 991 1184 Graecorum:
1012 1128 1093 1184 nullc

226 1224 347 1293 desidia,
362 1229 440 1284 nullu
454 1226 583 1294 luxuriu3
605 1229 708 1282 contre
721 1241 847 1281 summus
858 1227 942 1281 labor
957 1226 989 1281 in
1002 1224 1093 1297 publi-

225 1322 269 1380 cis
284 1325 459 1399 privatisque
472 1327 567 1392 rebus,
579 1342 693 1381 summu
709 1322 892 1396 parsimonia,
905 1340 1017 1378 summu
1029 1322 1094 1378 dili·

226 1423 333 1495 gentia.
376 1424 427 1481 Sic
450 1411 532 1496 porro
550 1419 661 1479 nostros'
683 1420 816 1477 homines
841 1420 974 1493 diligunt,
995 1426 1025 1477 ut
1048 1420 1095 1476 his

227 1523 297 1577 solis
319 1540 412 1596 neque
437 1522 617 1595 publicanus,
642 1537 738 1595 neque
765 1519 928 1594 negotiator
953 1520 1020 1577 odio
1045 1520 1093 1576 sit.

226 1618 447 1695 Megistmtuum
467 1628 562 1677 sutem
579 1624 737 1677 nostrorum
752 1618 872 1694 injurias
886 1618 927 1676 its
941 1621 1094 1676 multorum

226 1720 360 1787 tullerunt,
369 1725 400 1777 ut
411 1738 564 1794 numquam
575 1725 643 1776 ante
654 1720 714 1775 hoc
728 1724 840 1791 tempus
854 1721 890 1775 ed
905 1736 984 1775 aram
997 1721 1094 1792 legum

227 1816 455 1892 praesidiumque
470 1823 598 1874 vestrum
613 1817 730 1889 publico
743 1816 866 1873 consilio
878 1814 1094 1889 “confugerintz

227 1916 345 1974 temetsi
371 1922 401 1973 et
422 1914 524 1972 ⁸illunn
550 1930 658 1970 annum
685 1916 872 1985 pertulerant,
896 1912 947 1986 qui
970 1912 1017 1968 sic
1044 1930 1094 1969 eos

228 2013 382 2078 afflixerat,
394 2016 426 2068 ut
440 2009 516 2067 salvi
530 2013 593 2065 esse'
608 2028 666 2065 non
680 2015 807 2082 possent,
818 2008 875 2066 uisi
886 2009 925 2066 C.
938 2007 1095 2066 Marcellus

229 2110 311 2187 quasi
334 2108 429 2185 aliquo
448 2108 508 2165 lato
532 2108 670 2174 venisset,
692 2100 727 2165 ut
745 2107 789 2165 bis
803 2126 842 2165 ex
858 2108 964 2164 endem
984 2107 1098 2165 familis

229 2211 305 2267 salus
329 2208 447 2266 Siciliae
474 2207 705 2275 constitueretur,
726 2212 757 2265 et
775 2214 880 2281 postea
903 2207 946 2264 M.
970 2206 1096 2265 Antonii

228 2305 373 2368 infinitum
386 2307 457 2366 illud
469 2307 622 2382 imperium
641 2312 801 2365 senserant.
845 2307 897 2366 Sic
910 2325 928 2364 u
940 2308 1096 2379 mqjoribus

229 2407 289 2464 suis
302 2411 486 2480 acceperant,
499 2411 581 2462 tants
600 2404 697 2476 populi
718 2402 843 2460 Romani
859 2405 891 2460 in
906 2405 1020 2460 Siculos
1033 2422 1097 2460 esse

228 2504 382 2572 beneficia,
396 2510 427 2560 ut
440 2501 529 2559 etium
542 2501 660 2575 iujurias
676 2508 834 2557 nostrorum
848 2500 996 2558 hominum
1009 2502 1098 2575 perie-

229 2604 335 2662 rendcs
359 2604 502 2674 putarent.
540 2601 578 2656 ·ln
601 2597 748 2655 nemiuem
769 2597 907 2656 civitates
927 2603 997 2656 ante
1018 2600 1097 2657 hunc

228 2697 429 2759 testimonium
443 2696 558 2770 publice
572 2695 718 2753 dixerunt.
759 2696 846 2754 Hunc
864 2696 990 2771 denique
1003 2697 1097 2771 ipsum

230 2796 427 2876 pertulissent,
437 2795 463 2853 si
476 2795 602 2852 humano
615 2795 710 2861 modo,
723 2793 749 2851 si
761 2793 966 2862 usitatorum,
979 2796 1004 2852 si
1017 2797 1098 2852 deni·

231 2916 287 2974 que
301 2912 358 2955 uuo
368 2894 465 2970 aliquo
478 2893 508 2951 in
520 2909 627 2968 genere
636 2896 796 2964 peccasset.
826 2892 885 2948 Sed
898 2909 965 2950 cum
975 2894 1098 2965 perferre

231 3012 292 3056 non
305 2999 423 3070 possent
441 2991 593 3065 luxuriem,
603 2976 814 3059 crudelitatem,
828 2990 991 3061 avaritiam,
1004 3010 1099 3067 super·

231 3094 327 3153 mum:
347 3111 414 3152 cum
426 3093 524 3152 omnia
537 3110 589 3150 sus
602 3092 763 3159 commoda,
771 3089 847 3164 jura,
863 3091 1004 3151 beneficis
1017 3112 1098 3152 sens·

228 3197 279 3250 tus
299 3191 451 3264 populique
465 3191 600 3259 Romani,
620 3190 704 3248 unius
717 3192 829 3248 scelere
846 3208 881 3248 ac
902 3191 1023 3250 libidine
1036 3212 1098 3267 per·

231 3287 393 3347 didissent:
412 3287 469 3344 hoc
489 3293 658 3356 statuerunt,
679 3288 823 3345 antistius
841 3288 961 3363 injurios
981 3309 1033 3363 per
1045 3308 1099 3346 vos

232 3383 339 3447 ulcisci
353 3387 384 3440 ct
396 3382 544 3457 persequi3
565 3389 624 3450 eut,
644 3384 670 3441 si
686 3386 770 3442 vobis
790 3386 903 3461 indigni
922 3394 1018 3446 essent
1033 3387 1099 3455 visi,

232 3484 336 3563 quibus
349 3499 435 3556 opem
454 3481 649 3554 auxiliumque
659 3481 780 3552 ferretis,
793 3487 877 3542 urbes
890 3503 925 3542 cc
936 3487 1019 3543 sedes
1032 3501 1099 3540 suns

256 3638 277 3672 *¹
293 3635 452 3697 tudunum]
483 3635 542 3681 ndu.
559 3637 615 3681 vett.
629 3633 779 3692 coemes,
799 3637 856 3684 illud
871 3642 905 3684 ut
923 3637 999 3684 ems.
1014 3634 1099 3682 mannii

232 3702 296 3748 recte
306 3695 432 3758 repositum.
463 3693 500 3742 stc
507 3692 731 3752 corujeoeratliotom.
743 3710 787 3743 non
794 3697 876 3744 difficili
885 3694 1027 3742 divinatione.

255 3779 273 3811 θ
286 3776 354 3823 illum
363 3773 458 3835 annum]
469 3787 514 3835 quo
527 3771 565 3820 M.
582 3771 680 3834 Lepidus
712 3779 787 3825 rnetor
802 3776 852 3833 luit,
868 3775 977 3824 tirum
994 3773 1098 3826 Metellis

231 3840 355 3886 accusatus.
367 3834 454 3881 dstote
462 3847 487 3882 re
495 3846 517 3880 v.
526 3837 552 3879 et
560 3831 642 3890 Vellej.
654 3832 684 3888 ll,
694 3788 730 3883 gl

271 3934 342 3975 von.
363 3934 405 3976 rr.
652 3917 691 3970 26
728 3982 730 3989 Ι
