2700 4675
563 615 743 672 mvmsrro.
1039 619 1098 685 141

220 772 355 838 crimina,
380 787 498 844 quorum
523 771 579 830 tibi
606 770 732 828 societas
756 784 823 825 cum
837 766 933 824 Verre
954 765 1098 840 ejusmodi

225 876 281 937 est,
291 874 323 926 ut
336 886 373 926 ea
391 868 423 926 in
438 871 606 927 accusando
627 867 770 940 attingere
787 884 846 923 non
866 866 984 923 audeas.
1025 865 1101 938 Que-
1113 863 1152 922 to

226 970 298 1026 ritur
313 967 419 1025 Sicilia
428 971 500 1033 tots,
522 967 558 1025 C.
574 967 698 1023 Verrem
720 966 757 1022 ab
781 964 949 1033 aratoribus,
965 981 1032 1023 cum
1047 964 1101 1023 iru-

230 1070 362 1123 mentum
385 1065 442 1123 sibi
468 1064 499 1123 in
526 1067 632 1123 cellam
656 1064 867 1139 imperavisset,
888 1070 919 1122 ct
942 1081 1009 1122 cum
1023 1068 1100 1122 esset

227 1163 249 1196 ¹⁰
263 1164 354 1221 tritici
376 1164 487 1224 modios
510 1164 583 1223 H·S.
607 1164 648 1232 11,
681 1181 732 1237 pro
755 1164 908 1232 immento,
929 1163 960 1221 in
986 1164 1099 1221 modios

230 1262 365 1336 singulos,
398 1264 544 1322 duodenos
577 1263 725 1322 sestertios
761 1262 904 1336 exegisse.
956 1262 1099 1337 Magnum

227 1360 346 1430 crimem
361 1362 464 1437 iugens
475 1363 608 1437 pecunia,
622 1363 729 1420 turtum
741 1361 905 1434 impudens,
918 1360 1024 1437 injuria
1039 1378 1100 1420 nou

224 1460 351 1519 terenda.
392 1462 458 1536 Ego
481 1463 538 1519 hoc
562 1479 621 1519 uuo
645 1460 770 1519 crimine
796 1458 879 1517 illum
906 1459 1100 1517 condemnem
1153 1481 1155 1485 ·

224 1576 346 1617 necesse
369 1564 433 1617 est:
463 1565 505 1627 tu,
527 1559 651 1627 Caecili,
676 1558 745 1635 qnid
766 1554 881 1615 iacies?
914 1557 1019 1616 Utrum
1040 1558 1097 1618 hoc

225 1663 338 1738 tantum
351 1658 463 1716 crimen
476 1659 698 1732 praetermittes,
706 1674 745 1715 an
758 1652 902 1731 objicies?
922 1655 955 1715 st
965 1656 1097 1730 oincim,

226 1758 296 1814 idne
310 1757 394 1815 alteri
413 1758 530 1816 crimini
557 1758 649 1827 dabis
669 1759 747 1833 quod
773 1760 877 1816 eodem
903 1763 1044 1831 tempore,
1064 1757 1097 1815 in

224 1855 328 1911 eadem
337 1855 499 1927 provincis,
512 1861 544 1913 tu
557 1855 619 1927 ipse
629 1852 744 1913 iecisti?
759 1856 890 1914 Audebis
904 1856 946 1912 its
959 1872 1097 1913 accusare

225 1954 357 2019 alterum,
370 1957 412 2020 ut,
425 1968 483 2026 quo
496 1952 590 2008 minus
604 1955 665 2009 tute
679 1954 883 2018 condemnere,
896 1969 1029 2009 recusare
1038 1969 1098 2011 non

226 2046 340 2122 possis?
357 2048 412 2106 Sin
426 2048 653 2121 praetermittes:
670 2048 763 2123 qualis
777 2048 832 2106 crit
845 2048 902 2105 ista
920 2053 970 2106 tua
981 2066 1098 2107 accusa·

226 2148 279 2216 tio,
293 2166 376 2223 quae,
392 2147 546 2206 domestici
559 2147 682 2221 periculi
691 2153 780 2217 metu,
794 2148 949 2207 certissimi
963 2154 993 2207 et
1006 2150 1097 2208 maxi·

225 2246 267 2306 mi
291 2240 422 2304 criminis
447 2263 506 2303 non
539 2248 626 2305 modo
651 2246 858 2320 suspicionem,
882 2265 982 2306 venum
1005 2248 1096 2307 etiam

223 2347 403 2406 mentionem
416 2347 511 2429 ipsam
523 2343 731 2418 pertimescat?
745 2347 884 2420 Emptum
898 2352 944 2404 est
957 2365 996 2404 ex
1011 2349 1044 2405 S.
1059 2348 1096 2405 C.

220 2447 396 2504 trumentum
419 2445 459 2500 ab
477 2443 594 2510 Siculis,
617 2448 748 2515 praetore
772 2444 886 2501 Verre:
907 2461 1030 2517 proquo
1044 2444 1099 2502 rm·

222 2547 324 2602 mento
337 2539 569 2614 pecuniaomnis
581 2540 677 2596 soluta
698 2543 826 2596 nonest.
868 2541 969 2597 Grave
983 2546 1028 2598 est
1041 2543 1098 2600 hoc

224 2640 339 2699 crimen
357 2638 389 2696 in
403 2637 545 2693 Verrem:
568 2653 669 2710 grave,
682 2653 729 2694 me
743 2641 865 2712 agente:
888 2643 917 2696 te
931 2645 1099 2709 accusante,

224 2739 346 2796 notium.
387 2735 592 2793 Eresenimtu
605 2740 756 2810 quaestor:
778 2737 932 2810 pecuniam
950 2739 1097 2812 publicam

223 2843 256 2894 tu
270 2837 432 2893 tractabas:
453 2851 493 2891 ex
507 2851 572 2908 qua,
593 2833 710 2891 etiamsi
731 2840 850 2908 cuperet
862 2841 985 2910 praetor,
998 2841 1097 2895 tamen

222 2953 262 2994 ne
281 2952 339 3010 qua
360 2931 500 2991 deductio
513 2932 603 3001 fieret,
626 2950 733 3007 magna
756 2951 794 2990 ex
813 2932 894 3007 par'te
908 2938 958 2991 tua
970 2938 1097 3007 potestas

221 3039 295 3092 erat
337 3033 431 3106 Hujus
458 3049 570 3108 quoque
593 3032 683 3107 igitur
708 3031 850 3100 criminis,
877 3037 907 3090 tc
930 3039 1099 3106 accmante,

222 3131 335 3189 mentio
347 3132 429 3189 nulla
448 3130 508 3188 fiet.
551 3130 692 3189 silebitur
711 3135 774 3189 toto
784 3131 900 3204 judicio
911 3133 1098 3195 demaximia

222 3234 254 3286 et
278 3228 436 3286 notissimis
458 3227 536 3286 illius
559 3229 642 3312 furtis
666 3234 697 3286 et
723 3229 846 3303 injuriis
895 3231 973 3289 Mihi
999 3236 1096 3302 crede,

225 3324 351 3392 caecili,
374 3342 434 3383 non
447 3326 588 3399 potestis
612 3329 777 3408 accusando
797 3329 892 3388 socios
917 3348 985 3389 vere
999 3334 1097 3390 deien-

222 3426 294 3482 dere
307 3422 342 3490 is,
363 3423 491 3497 quicum
513 3441 563 3481 reo
583 3424 739 3484 criminum
763 3427 902 3486 socictate
922 3432 1096 3505 conjunctus

223 3525 278 3580 est.
321 3520 689 3601 Mancipesacivitatibns
709 3541 760 3596 pro
778 3523 920 3585 frumento
940 3527 1097 3602 pecuniam

222 3621 395 3694 exegerunt.
436 3616 536 3693 Quid?
556 3620 623 3691 hoc,
649 3619 745 3680 Verre
766 3630 897 3697 praetore
919 3626 1027 3683 tactum
1050 3629 1096 3681 est

249 3769 696 3879 ”⁶⁷‘m·38'³iffl·²¹·⁶t²⁰t
764 3774 1094 3831 .etiamVictorius,HS.V.

221 3831 454 3883 mischinus
485 3833 710 3882 cinctiondel’.
798 3833 1094 3885 unmmmnlisul.

221 3887 481 3943 sectantium
512 3890 746 3951 Proscrieisrerim.
