2700 4675
554 556 653 612 surio
666 558 780 611 rarus.
999 517 1002 528 ’
1047 561 1108 630 rra

229 711 397 766 trabuntur:
410 703 592 782 ”iudignum
607 707 654 776 lis,
667 708 717 782 qui
730 708 816 765 altirrs
837 702 1062 779 perspiciebant,
1074 711 1105 763 at

231 806 309 862 lrauc
323 804 547 878 gratulationem
560 806 750 878 adjudicium
763 802 1004 876 corrumpendum
1024 818 1104 882 spea-

234 906 297 960 tare
309 899 330 933 ¹
340 901 561 959 arbitrabantur.
601 890 725 959 Etenim
734 901 778 959 sic
792 899 1046 967 ratiocinabantur,
1060 899 1104 956 sic

234 999 434 1059 honestissimi
447 999 579 1058 homines
590 999 712 1058 interae
725 1005 755 1057 et
768 1016 883 1057 mecum
896 999 1102 1073 loquebantur:

234 1098 449 1173 apertejamac
459 1097 608 1172 perspicua
619 1096 1038 1172 nullaessejudiciaquireus
1049 1097 1104 1171 pri·

233 1199 282 1257 die
290 1199 354 1273 jam
367 1199 429 1272 ipse
442 1216 474 1256 se
487 1199 711 1258 condemnatum
725 1198 853 1271 putabat,
866 1195 901 1263 is,
915 1201 1103 1271 posteaquam

234 1297 434 1373 deleusorejus
444 1300 544 1355 consul
552 1301 596 1354 est
604 1296 707 1363 iactus,
716 1294 885 1352 absolvitur.
906 1294 983 1366 Quid
994 1290 1102 1369 igitur?

232 1392 1103 1470 quodtotaSioilia‚quodomnesSiculiomuesnegotiatores,

231 1511 332 1552 omnes
345 1494 480 1568 publicae
499 1494 689 1568 privataeque
707 1492 822 1549 litterae
837 1490 947 1547 Romae
971 1495 1047 1557 sunt,
1060 1490 1103 1546 ui-

230 1593 311 1651 bilne
338 1593 370 1651 id
397 1588 532 1650 valebit?
559 1591 642 1661 nibil,
672 1591 769 1650 invito
795 1592 914 1649 consule
941 1591 1101 1664 designato.

232 1688 458 1765 Quidjudioes?
477 1707 537 1748 nou
549 1690 682 1759 crimina,
696 1708 756 1747 uon
771 1695 868 1757 testes,
881 1707 940 1747 non
955 1690 1102 1749 existima-

232 1790 342 1848 tionem
365 1790 464 1864 populi
484 1789 609 1848 Romani
632 1786 809 1864 sequautur?
831 1786 929 1846 ”nou
949 1790 1049 1847 omnia
1068 1790 1101 1847 in

232 1888 315 1944 unius
333 1893 478 1961 potestate
498 1904 534 1945 ac
548 1887 747 1944 moderatione
767 1891 925 1943 vertentur.
966 1888 1046 1944 Vere
1061 1883 1134 1945 lou
1227 1903 1231 1914 ·

233 2002 312 2059 quar,
324 1986 450 2057 judices.
464 1986 655 2041 veliementer
673 2000 721 2040 me
735 1984 808 2039 baec
829 2001 874 2040 res
888 1987 1100 2042 commovebat.

232 2082 357 2156 optimus
371 2081 451 2139 enim
463 2081 581 2156 quisquo
595 2080 637 2137 itu
650 2082 828 2154 loquebatur.
844 2081 903 2137 lste
916 2081 1033 2155 quidem
1046 2082 1100 2140 tibi

228 2181 384 2255 eripietur:
401 2180 452 2237 sed
467 2195 519 2236 uos
534 2196 592 2236 uon
606 2178 769 2235 tenebimus
781 2178 895 2251 judicia
908 2179 1023 2236 diutius.
1039 2186 1097 2237 ete·

229 2280 291 2340 nim
301 2279 365 2356 quis
377 2278 492 2354 poterit,
504 2278 597 2337 Verre
608 2278 749 2344 absoluto,
762 2279 799 2334 de
808 2277 1013 2337 transferendis
1020 2280 1098 2354 judi·

228 2381 284 2438 ciis
298 2377 448 2438 recusare?
461 2380 533 2438 Erat
544 2379 677 2437 omnibus
691 2382 856 2436 molestum:
872 2397 965 2453 neque
976 2387 1097 2437 eostam

224 2478 308 2537 istius
327 2477 482 2536 ”bominis
501 2478 608 2551 perditi
621 2477 717 2534 subita
731 2477 852 2543 laetitia,
871 2496 957 2551 quam
972 2479 1097 2536 hominis

228 2575 400 2647 amplissimi
413 2558 494 2633 nova
513 2573 667 2647 gramlatio
681 2575 894 2630 commovebat.
936 2575 1098 2647 Gupiebam

227 2672 407 2730 dissimulare
419 2690 466 2730 me
481 2671 510 2728 id
524 2673 645 2728 moleste
656 2670 739 2727 some.
750 2671 904 2744 cupiebam
917 2673 1008 2732 animi
1019 2675 1097 2734 dolo

227 2788 290 2828 rem
304 2771 386 2828 vultu
400 2774 508 2844 tegere,
522 2775 553 2825 et
566 2769 764 2826 taciturnitate
772 2772 876 2827 celare.
906 2773 986 2830 Ecce
1000 2779 1097 2833 autem

226 2869 286 2928 illis
305 2869 375 2944 ipsis
389 2869 500 2936 diebus,
521 2885 589 2925 cum
603 2872 750 2941 praetores
763 2868 908 2943 designati
921 2872 1096 2942 sortirentur,

254 3022 461 3086 ²⁴iuds'gnumiis.]
477 3022 586 3070 Graevius
595 3021 667 3068 edidit
673 3020 715 3068 bis.
723 3036 767 3068 non
775 3021 900 3078 malesane,
907 3023 1008 3069 etestsir
1016 3024 1039 3071 in
1046 3025 1093 3074 Ms.

224 3082 269 3131 Gu.
286 3098 328 3129 nec
344 3087 419 3130 tamen
436 3082 567 3129 necessario.
600 3082 662 3129 Nam
679 3086 704 3127 et
719 3080 772 3127 alibi
788 3081 811 3127 in
827 3081 868 3127 tali
882 3082 954 3128 forma
967 3081 1000 3130 bis
1009 3089 1043 3131 est
1057 3086 1093 3134 s's'r.

224 3142 291 3190 Secus
301 3145 341 3198 est,
351 3157 400 3189 urm
409 3143 529 3204 praecessit
537 3142 593 3188 illis.

253 3220 476 3281 ”obumbrationi
508 3220 629 3267 Lambinus
644 3234 657 3265 e
671 3219 719 3266 Me.
737 3218 809 3265 edidit
823 3218 932 3277 ridebunt,
950 3221 1009 3268 mele
1018 3229 1095 3272 contra

224 3276 345 3333 botlibrns,
356 3293 405 3324 curn
414 3281 448 3325 ita
457 3279 538 3326 existut
547 3294 622 3326 versus
634 3279 769 3332 hexameter,
780 3283 805 3324 ut
815 3279 871 3324 bene
879 3285 954 3326 monet
962 3281 1077 3330 Gruterus.

256 3355 279 3386 ²⁶
294 3355 355 3415 nou]
382 3356 453 3402 Recte
462 3357 505 3402 hoc
515 3355 611 3403 restituit
619 3357 641 3402 J.
653 3356 722 3403 Gron.
733 3357 788 3403 item
798 3356 914 3414 Graevius,
928 3374 976 3405 cum
986 3360 1094 3408 Gurterus

226 3427 255 3459 ex
270 3413 321 3458 edd.
337 3413 431 3482 antiquus
441 3414 587 3484 reposuisset:
604 3429 661 3461 uuus
672 3417 754 3469 mursa.
770 3419 813 3461 etc.
846 3417 904 3462 Nam
914 3418 945 3463 sic
954 3425 1017 3465 velus
1027 3421 1094 3465 inter-

220 3471 368 3586 qqqqllqaebtqqi,
384 3476 409 3519 et
422 3478 506 3534 optime
520 3475 639 3534 respondet
653 3474 848 3534 praecedentibus:
869 3476 955 3523 nihilne
964 3478 990 3523 id
999 3478 1092 3523 valebit:

255 3608 390 3679 ff'lsurquns's
403 3609 502 3679 perditi]
533 3610 555 3656 A
574 3609 686 3656 nonnullis
705 3609 767 3657 abest
786 3611 888 3670 Mrem,
908 3613 931 3659 id
947 3628 974 3659 ue
992 3611 1093 3672 placebat

221 3668 364 3785 ξὶπιίἕίὲῖξιῑηὲ.
381 3682 423 3714 uec
432 3668 582 3716 desiderarem
596 3668 639 3715 boc
648 3668 747 3728 serbiam,
764 3670 835 3718 duco
847 3628 991 3735 respoutieret
998 3669 1093 3715 bondru‘s

262 3847 333 3887 von.
355 3846 398 3887 rr.
635 3826 698 3884 li*
