2700 4675
390 570 463 621 ACT.
479 573 510 621 11.
526 572 624 623 mana
638 571 815 622 sccundus.
973 581 1036 640 290

166 718 352 793 quamobrem
369 723 453 790 putes
468 725 498 776 te
511 725 589 779 tuam
602 724 718 795 culpam
734 737 791 777 non
806 720 892 778 modo
904 720 1037 778 derivare

166 815 198 873 in
215 816 349 890 aliquem,
363 818 415 872 sed
428 820 643 876 communicare
664 836 732 875 cum
745 820 837 875 altero
851 815 956 891 posse?
977 818 1037 876 Nn-

165 918 312 972 merantur
324 914 375 971 illa
390 915 453 971 H·S
472 916 598 972 ducenta
611 915 817 990 quinquaginta
832 916 1035 989 Syracusanis.

167 1031 204 1071 ea
216 1015 456 1086 quemadmodum
471 1015 508 1071 ad
522 1014 607 1071 istum
622 1021 721 1087 postea
736 1034 786 1087 per
810 1016 1036 1089 pseudothyrum

164 1116 356 1180 revertantur,
370 1111 474 1170 tabulis
490 1113 581 1181 vohis,
595 1118 626 1170 et
639 1114 768 1183 testibus,
775 1115 902 1188 judices,
916 1117 1035 1189 planum

165 1210 283 1268 faciam.

204 1308 253 1366 Ex
265 1309 319 1367 hac
331 1310 482 1385 iniquitate
493 1310 575 1369 istius
586 1316 616 1369 et
627 1312 819 1384 improbitate,
828 1313 1032 1385 jndices‚quod
1045 1320 1083 1381 21

163 1410 270 1482 praeda
283 1425 320 1465 ex
334 1409 393 1466 illis
416 1410 498 1467 honis
523 1412 560 1466 ad
585 1414 689 1466 multos
711 1410 915 1482 Syracusanos,
938 1410 1035 1466 invito
1077 1454 1079 1458 Α

163 1509 269 1580 populo
292 1513 449 1581 senatuque
478 1509 671 1579 Syracusano,
697 1514 827 1575 venerat,
848 1507 900 1564 illa
922 1512 1034 1566 scelera

163 1623 213 1679 per
238 1606 477 1672 Theomnastum,
502 1610 531 1662 et
552 1607 772 1673 Aeschrionem,
794 1612 825 1663 et
850 1607 1033 1681 Dionysodo-

163 1721 234 1769 rum,
248 1708 278 1761 et
300 1705 488 1762 Cleomenem
512 1705 689 1762 invitissima
711 1707 834 1763 civitate
857 1706 1032 1775 factasunt,

162 1802 285 1876 primurn
299 1809 330 1859 ut
343 1806 409 1860 urbs
423 1809 484 1859 tota
496 1804 674 1873 spoliaretur,
688 1806 794 1877 quade
820 1823 850 1861 re
862 1805 935 1861 alius
958 1805 1032 1862 mihi

161 1903 242 1959 locus
257 1902 294 1957 ad
314 1902 469 1957 dicendum
489 1906 533 1954 est
556 1900 746 1955 constitutus:
775 1906 808 1955 ut
828 1902 927 1957 omnia
948 1903 1032 1973 signa

161 1998 216 2057 iste
232 2016 281 2071 per
295 2015 344 2052 eos
359 1996 499 2060 homines,
512 2012 582 2067 quos
606 1996 766 2061 nominavi,
789 2014 876 2053 omne
898 1998 968 2052 ebur
992 2016 1031 2055 ex

161 2096 282 2154 aedibus
297 2093 395 2160 sacris,
408 2109 508 2148 omnes
522 2092 647 2165 undique
659 2094 770 2149 tabulas
791 2094 892 2166 pictas,
913 2096 1032 2154 deorum

160 2194 286 2267 denique
299 2191 459 2259 simulacra,
473 2208 545 2265 quae
560 2194 660 2260 vellet,
673 2194 813 2249 auferret:
834 2194 940 2251 deinde
954 2200 985 2251 ut
999 2196 1031 2253 in

161 2293 242 2353 curia
258 2290 418 2365 Syracusis,
431 2309 516 2366 quem
537 2293 630 2351 locum
645 2291 689 2350 illi
704 2292 892 2351 buleuterium
913 2299 1031 2364 vocant,

161 2392 365 2450 honestisdmo
375 2392 450 2455 loco,
463 2397 494 2446 et
503 2393 580 2462 apud
598 2391 665 2446 illos
688 2392 857 2457 clarissimo,
880 2393 930 2448 ubi
953 2395 1030 2449 illins

161 2490 251 2564 ipsius
283 2490 324 2545 Μ.
354 2487 498 2553 Marcelli,
523 2483 586 2561 (qui
613 2503 679 2542 eum
704 2487 894 2559 Syracusanis
925 2490 1031 2556 locum,

162 2606 248 2665 quem
258 2586 369 2656 eripere
381 2584 451 2640 belli
460 2601 494 2640 ac
507 2583 647 2639 victoriae
658 2584 723 2656 lege
734 2587 1032 2655 possetconservavit

161 2692 194 2744 et
207 2678 355 2759 reddidit,)
368 2687 462 2739 statua
476 2700 514 2738 ex
528 2699 594 2738 aere
608 2682 702 2750 lacta,
722 2680 765 2738 ibi
787 2681 948 2741 inauratam
972 2685 1031 2754 isti,

160 2791 192 2843 ot
215 2785 335 2840 alteram
362 2779 422 2837 tilio
448 2787 573 2837 statuam
600 2780 764 2852 posuerint:
785 2787 825 2849 nt,
852 2782 920 2838 dnm
948 2764 1031 2840 istius

161 2882 287 2941 hominis
302 2878 439 2939 memoria
452 2882 592 2945 maneret,
605 2883 722 2934 senatus
746 2879 944 2951 Syracusanus
965 2881 1030 2938 sine

159 2981 298 3054 lacrymis
318 2985 349 3037 et
371 2978 482 3053 gemitu
502 2976 533 3035 in
556 2976 637 3033 curia
656 2993 721 3032 esse
746 2994 803 3032 non
827 2982 932 3049 posset.
973 2979 1031 3037 Per

160 3081 277 3136 cosdem
290 3079 372 3137 istius
393 3077 569 3152 injuriarum,
584 3076 729 3142 furtorum,
741 3093 916 3150 uxorumque
926 3077 1030 3148 socios,

160 3176 243 3235 istius
265 3176 385 3245 imperio
408 3176 560 3250 Syracusis
576 3176 737 3233 Marcellae
750 3177 889 3233 tolluntur
902 3178 1030 3241 maximo

160 3272 271 3348 gemitu
285 3273 417 3345 luctuque
431 3274 578 3333 civitatis:
599 3293 684 3349 quem
699 3276 744 3332 illi
757 3276 836 3333 diem
845 3276 948 3334 testum
962 3297 1029 3336 cum

160 3369 182 3404 ω
194 3369 356 3427 recentibus
367 3371 515 3427 beneficiis
526 3372 561 3427 C.
577 3372 713 3429 Marcelli
721 3374 849 3431 debitum
861 3377 1028 3442 reddebant,

160 3475 223 3528 turn
245 3467 354 3540 generi,
380 3467 501 3534 nomini,
522 3468 648 3524 familiae
672 3469 877 3529 Marcellorum
902 3472 1029 3530 maxima

161 3569 312 3625 voluntate
327 3564 498 3622 tribuebant.
539 3565 722 3623 Mithridates
735 3566 767 3625 in
788 3570 869 3636 Asia,
882 3586 949 3626 cum
962 3585 1028 3626 earn

192 3719 214 3754 ⁵⁶
228 3718 355 3764 recentibus
369 3718 403 3765 M.
417 3719 519 3765 Marcelli
529 3719 610 3781 hmqfi]
642 3720 714 3767 Recte
723 3722 809 3769 monuit
818 3721 919 3777 Ursinus,
935 3718 1027 3765 scribon

160 3777 446 3900 ppppupspgrffflhpprcelli,
460 3778 520 3838 arius
529 3778 636 3827 &nenda
648 3783 713 3829 eram
727 3781 833 3838 recerrtia,
849 3794 872 3827 v.
889 3792 955 3839 supra
969 3792 989 3824 c.
1005 3781 1027 3825 (t
