2700 4675
550 573 776 625 eminemus.
1043 561 1102 637 105

229 738 319 796 grum,
338 723 389 780 ubi
410 727 570 790 nemoest,
592 723 642 797 qui
660 725 711 780 aut
724 719 824 793 possit,
840 722 891 776 aut
908 721 1030 776 oonetur
1041 733 1103 775 eor·

229 837 370 892 rumpere.
424 821 491 877 Hoc
518 825 563 877 est
583 820 740 893 judicium,
766 818 799 874 in
825 833 881 891 quo
905 832 959 873 vos
983 816 1020 871 de
1044 833 1104 884 reo,

231 919 353 989 populus
367 917 516 979 Romanus
537 919 574 973 de
589 916 673 974 vobis
687 913 843 988 judicabit.
864 914 897 972 in
910 914 966 971 hoo
984 912 1103 972 homine

231 1020 382 1083 statuetur,
408 1015 546 1088 possitne,
574 1014 754 1071 senatoribus
775 1012 984 1088 judicantibus,
1014 1013 1104 1070 homo

231 1110 455 1171 nocentissimus
475 1112 783 1187 pesuniosissimusque
802 1111 941 1169 damnari.
982 1111 1102 1169 Deinde

233 1215 279 1267 est
298 1211 461 1285 hujusmodi
475 1230 547 1280 reus,
572 1212 606 1280 in,
624 1210 812 1287 quohomine
832 1210 967 1278 nihileis,
988 1216 1102 1284 praeter

232 1326 343 1367 summa
363 1316 494 1384 peecata,
508 1310 724 1385 maximamque
737 1308 910 1383 pecuniam
932 1314 973 1376 ut,
987 1309 1018 1365 si
1030 1309 1102 1366 libe·

232 1415 308 1467 ratus
321 1410 368 1478 sit,
388 1412 468 1469 nulls
481 1410 541 1468 alia
559 1409 696 1483 suspieio‚
717 1408 774 1465 nisi
788 1425 833 1474 ea,
851 1424 925 1481 quae
938 1407 1103 1479 turpissima

231 1514 284 1577 est,
305 1508 431 1567 residere
444 1508 545 1583 possit.
567 1506 742 1581 nongentis,
757 1523 816 1563 non
834 1504 1018 1579 cognatione,
1042 1521 1104 1572 non

229 1607 294 1668 aliis
309 1613 387 1666 reete
409 1607 504 1675 iactis,
524 1625 584 1664 non
598 1605 724 1680 deniquo
744 1604 842 1679 aliquo
861 1604 1002 1661 mediocri
1017 1604 1102 1673 vitio,

230 1693 274 1763 to't
288 1711 422 1781 tantaque
437 1706 499 1780 ejus
513 1706 587 1762 vitia
600 1706 754 1762 sublevata
773 1720 837 1760 esse
850 1702 1100 1761 existimabuntur.

231 1803 381 1862 Postremo
394 1822 448 1879 ego
458 1821 576 1861 oausam
589 1803 632 1861 sio
644 1821 739 1877 agam,
743 1803 876 1875 judiees:
891 1801 1032 1874 ejusmodi
1045 1818 1103 1869 res,
1193 1880 1195 1883 Ι
1214 1875 1216 1879 Ι

229 1903 272 1961 ita
285 1908 377 1971 notus,
391 1902 433 1959 ita
446 1907 576 1968 testatas,
596 1902 638 1957 ita
652 1918 782 1973 magnas,
795 1901 838 1957 ita
851 1899 1018 1956 manifestas
1038 1916 1101 1972 pro-

228 2001 328 2067 feram,
341 2005 374 2057 ut
387 2016 474 2057 nemo
494 2015 513 2055 a
525 1999 619 2066 vobis,
633 2003 665 2054 ut
685 1998 774 2054 istum
794 1995 963 2063 absolvatis,
975 2013 1027 2069 per
1039 2013 1102 2070 gra-

229 2097 318 2161 tiam,
335 2102 457 2155 sonetur
489 2097 676 2154 contendere.
732 2096 836 2152 Habeo
864 2099 960 2151 autem
990 2099 1101 2152 eertum

229 2195 309 2253 viam
324 2200 410 2271 atque
430 2195 581 2263 rationem,
601 2213 656 2271 qua
671 2212 774 2252 omnes
790 2194 905 2251 iliorum
924 2197 1044 2251 conatus
1057 2193 1100 2251 in·

229 2296 375 2370 vestigare
399 2298 429 2352 et
448 2294 588 2370 consequi
607 2295 724 2369 possim.
767 2294 813 2352 lta
832 2310 878 2351 res
892 2309 910 2350 a
923 2309 970 2350 me
990 2297 1100 2367 agetur,

228 2400 260 2452 ut
278 2396 308 2464 in
323 2412 421 2452 eorum
435 2394 566 2452 consiliis
580 2395 714 2451 omnibus
728 2409 788 2450 non
803 2394 889 2450 modo
908 2409 990 2449 aures
1009 2391 1100 2448 homi·

228 2511 306 2561 num,
320 2497 371 2552 sed
390 2494 480 2550 etiam
492 2493 572 2550 oeuli
593 2494 693 2566 populi
713 2493 839 2549 Romani
863 2491 1005 2548 interesse
1019 2493 1102 2547 vide·

227 2598 328 2649 antur:
355 2608 410 2647 vos
432 2591 542 2663 aliquot
558 2590 623 2662 jam
650 2606 701 2662 per
723 2606 815 2646 annos
837 2594 1010 2662 conceptam
1031 2589 1101 2648 huic

227 2688 323 2747 ordini
343 2688 551 2761 turpitudinem
571 2692 657 2762 atque
679 2686 830 2744 infamiam
849 2685 976 2745 ⁵⁶deiere
990 2705 1026 2747 ao
1047 2691 1101 2746 toi·

225 2790 287 2846 lere
302 2786 432 2861 potestis.
475 2787 598 2844 Constat
610 2787 688 2843 inter
701 2802 811 2851 omnes,
831 2784 851 2817 ⁵⁶
861 2791 926 2860 post
944 2788 1018 2845 haee
1031 2805 1099 2847 eon·

227 2887 328 2945 stituta
335 2885 460 2960 judicia,
473 2884 575 2960 quibus
590 2901 668 2943 nuno
683 2883 798 2951 utimur,
811 2886 922 2942 nulium
934 2885 991 2942 hoo
1004 2888 1099 2958 splen·

228 2987 296 3043 dore
323 2991 409 3061 atque
433 2986 489 3041 hae
514 2983 656 3058 dignitate
676 2982 830 3040 eonsilium
853 2982 949 3040 fuisse.
990 2983 1049 3043 Hie
1072 2986 1098 3043 si

226 3084 293 3159 quid
308 3085 363 3142 erit
375 3084 526 3152 offensum,
536 3101 637 3141 omues
651 3082 785 3141 homines
800 3099 860 3139 non
867 3081 932 3155 jam
945 3100 982 3139 ex
994 3086 1098 3144 eodem

255 3236 277 3269 ⁵⁵
290 3237 587 3342 suscitatumque&
612 3203 968 3297 Acomrmoustinmapr.
1000 3238 1096 3286 idaiae

227 3295 512 3352 ed.Hervag.1534.inde
588 3295 683 3341 anutius.
716 3297 750 3341 Ita
765 3310 793 3341 ue
804 3295 913 3342 Graevius
923 3295 973 3342 tolli
988 3298 1095 3353 malebat,

227 3352 286 3414 quod
297 3366 337 3396 nee
347 3351 369 3396 in
379 3353 426 3398 Ms.
436 3353 476 3400 Fr.
485 3359 605 3413 repererat
637 3354 675 3399 Ad
689 3311 849 3400 dessaisiant:
858 3354 984 3411 lectionem,
1010 3371 1052 3402 uae
1061 3361 1097 3404 est

228 3410 308 3456 inMs.
321 3408 349 3454 G.
360 3411 429 3467 valet,
454 3410 996 3472 simum:quodiisverbissublatisositmelausu
1030 3416 1095 3460 hexa-

227 3468 307 3515 metri:
325 3467 405 3515 deinde
422 3426 510 3516 militur
527 3467 650 3529 aequalitas
665 3483 682 3514 s.
693 3470 778 3528 paritas
792 3470 946 3517 membrorum.
978 3471 1044 3517 Nunc
1053 3471 1095 3516 sihi

225 3529 283 3573 bene
293 3526 432 3586 respondent,
442 3533 531 3574 conatos
539 3527 672 3584 inuestigare
681 3531 701 3572 et
716 3529 815 3589 consequi
821 3530 908 3587 possins,
918 3535 949 3587 et,
960 3543 996 3576 vos
1004 3556 1014 3563 -
1023 3555 1032 3563 -
1041 3554 1051 3562 -
1059 3529 1096 3574 in-

217 3586 320 3643 faunum
327 3586 399 3631 delere
407 3599 433 3631 oe
442 3588 517 3632 tollere
524 3585 617 3643 potestis.

254 3665 276 3697 ⁵⁶
288 3663 398 3720 posthaec
408 3678 426 3709 e.
431 3663 464 3725 j.]
495 3663 558 3711 Libri
568 3668 655 3710 veteres
665 3662 773 3711 omittunt
783 3666 906 3722 ematosa,
917 3669 941 3710 ut
953 3663 1038 3709 monuit
1047 3664 1095 3710 Ho

221 3728 355 3780 tomannus;
375 3721 551 3794 wlusAsmnim
565 3726 647 3768 tuetm.
679 3722 711 3768 ut
725 3739 778 3770 saue
792 3725 879 3771 abesset
896 3721 1025 3780 elegantius.
1057 3722 1095 3768 Sic

223 3781 279 3828 alibi
288 3782 312 3827 in
321 3781 385 3843 epist.
399 3782 512 3838 posthum
526 3781 692 3840 rempublicam.
721 3781 793 3843 Haec,
802 3782 847 3836 int.
859 3779 978 3838 senatoria,
993 3779 1071 3840 quibas
1080 3795 1096 3828 o

224 3841 301 3889 Sullae
310 3841 361 3901 lege
370 3839 459 3890 utimur.

262 3957 334 4000 von.
356 3960 398 4001 ss.
638 3943 674 3998 to
686 3937 705 3976 θ
737 3962 740 3969 ·
