2700 4675
242 499 302 558 136
538 489 616 542 uso.
633 487 817 540 ciminium

267 636 336 684 etiam
345 635 420 699 ipsein
426 634 553 698 quaestione
568 634 606 694 (F.
618 634 685 683 etiem
693 634 741 682 sine
749 632 907 694 inqieieib'm)
921 633 1023 685 erimine
1031 639 1117 698 noverit

269 715 351 763 Verrii.
383 715 492 770 Tertiam,
512 713 571 775 quod
590 713 676 761 Siculus
695 727 737 775 pro
755 711 837 759 Siculis
854 717 915 772 egat-
951 713 1115 773 Hiduetemodi

267 793 452 857 propositionibus
461 791 676 851 oiooouooigoono
685 789 764 838 sossio
774 790 808 837 ia
818 790 981 853 nepueu,
990 776 1118 856 ooooooo:

270 876 662 933 ‚teuisatoremeumeoseoporterei
677 868 1113 933 (luiinvituaengitmreligimeoffii,

269 950 602 1012 ioganuaboninibusSieulii:
619 950 715 1012 Quipro
729 947 921 1010 republieaagat:
939 950 1111 1009 Quemvolint,

269 1030 431 1091 quiaoeusant:
447 1028 806 1089 Quemmetuitquiaeeusaturi
822 1027 975 1078 Quiidoueus
993 1034 1028 1076 eet
1043 1031 1112 1076 fanin

268 1109 305 1154 dia
314 1113 337 1154 et
347 1106 486 1154 innocentia:
502 1106 547 1157 uui
557 1107 601 1153 hoe
609 1106 663 1152 feeit
671 1105 799 1153 imitatione
807 1105 924 1164 majorum.
959 1107 1051 1155 Divisio
1057 1107 1112 1170 prin·

268 1186 346 1248 eipolis
355 1186 435 1233 unsde
444 1199 468 1233 ie
478 1185 533 1247 ipso,
543 1184 616 1231 altera
632 1186 662 1231 de
670 1184 813 1232 oontentione
828 1184 861 1231 sui
876 1188 901 1230 et
914 1183 1021 1233 Caecilii
1054 1186 1112 1234 mvi-

269 1265 331 1313 uatio
340 1264 421 1312 dicitu
428 1266 485 1312 haee
493 1264 575 1321 oratio,
586 1265 639 1326 quia
653 1279 698 1311 nou
713 1264 742 1311 de
751 1265 812 1311 laeto
820 1262 937 1325 queritur
946 1272 972 1311 et
981 1265 1110 1323 emjeetiiri,

269 1348 308 1394 sed
318 1347 346 1393 de
355 1345 437 1402 tuturo,
443 1360 499 1407 quae
514 1349 548 1392 est
557 1343 673 1400 divinatio,
689 1343 727 1402 (Ρ.
738 1358 783 1390 non
797 1343 891 1400 defoeto
899 1344 1029 1402 φωνὴν,
1044 1345 1081 1391 ned
1087 1344 1111 1391 ilo

263 1427 356 1484 futuro,
366 1440 421 1485 quoe
430 1429 459 1472 eit
468 1425 577 1471 divinatio
587 1429 607 1470 et
616 1423 751 1481 conjectura)
767 1426 817 1469 uter
828 1421 911 1468 debeat
920 1437 1037 1472 muare.
1067 1422 1112 1472 Alii

271 1504 323 1549 ideo
337 1509 416 1563 putant
432 1504 591 1550 divinationem
601 1502 652 1558 dici,
670 1502 729 1563 quod
743 1499 835 1557 injerati
847 1500 935 1558 Judioes
952 1501 976 1548 in
994 1502 1039 1547 liae
1052 1515 1113 1547 eain

270 1582 369 1637 sedeant,
378 1589 410 1638 ut,
422 1584 481 1643 quod
491 1582 568 1638 velint,
579 1582 715 1643 praesentire
724 1582 754 1627 de
763 1585 858 1642 utroque
865 1580 961 1642 poetae
993 1579 1050 1638 Alii,
1057 1580 1112 1643 quod

271 1675 307 1707 res
320 1666 400 1718 agatur
408 1661 455 1706 sine
464 1660 564 1716 testibus,
578 1665 603 1705 et
621 1659 668 1705 sine
688 1659 777 1717 tabulis,
795 1664 819 1706 et
839 1660 874 1706 liis
883 1660 977 1706 remotis
987 1665 1112 1720 argrimente

271 1740 319 1788 iola
326 1744 445 1800 sequantur
450 1738 545 1796 judiees,
554 1742 578 1784 et
587 1738 649 1799 qussi
659 1738 767 1786 divinent.
798 1739 882 1798 egion
890 1744 970 1787 autem
978 1755 1046 1788 eaun
1055 1754 1112 1788 m·

272 1818 335 1865 toriis
341 1817 461 1877 judiciisin
475 1817 558 1863 invidia
567 1818 625 1879 apud
645 1818 751 1879 populum
766 1817 891 1864 constitutis
901 1819 1046 1882 aorniptioue
1059 1818 1111 1866 aiil·

273 1903 353 1956 tonini,
364 1897 449 1944 vexatis
458 1896 575 1959 provinciis
585 1896 693 1954 omuibus,
704 1912 730 1942 ae
739 1896 802 1942 secde
811 1896 889 1957 populi
904 1896 1005 1944 Romani
1015 1897 1111 1945 seeaiito

274 1983 298 2024 to
307 1978 361 2024 orbe
370 1982 487 2033 terrarum,
499 1976 593 2023 libidine
608 1975 754 2035 etiniqieitote
764 1975 918 2021 Rmnononon
934 1976 1112 2034 mgistratum,

274 2057 435 2103 aommtoribiu
460 2055 650 2116 praevaricatione
673 2053 796 2108 infamibus,
816 2054 933 2112 flagitante
948 2055 1018 2115 plebe
1034 2053 1113 2113 iidie·

275 2135 382 2193 equestris
391 2134 481 2188 ordinis,
491 2148 548 2192 quae
557 2134 626 2178 terme
635 2138 689 2179 ante
698 2146 766 2179 annos
782 2132 805 2179 x
824 2132 973 2179 viotorSulla
991 2134 1113 2190 malni,

275 2215 420 2268 eognosoente
429 2211 458 2254 de
469 2210 567 2270 pecuniis
587 2212 714 2271 repetundis
725 2211 762 2258 M.
772 2211 896 2258 Glabrione
904 2218 1021 2271 praetore,
1031 2217 1056 2259 et
1072 2225 1113 2258 ain-

274 2288 376 2351 plissimis
386 2288 506 2351 quibusque
515 2288 619 2334 senatorii
638 2290 720 2337 ordinis
727 2289 885 2348 judicantibus,
903 2304 992 2338 summa
1006 2293 1113 2354 exspecto·

275 2369 336 2416 tione
346 2373 480 2416 cunctorum.
511 2369 681 2435 Genusceusae‚
692 2372 816 2417 honestum.
848 2370 933 2426 Stabis,
944 2370 1044 2431 qualitas
1053 2384 1112 2430 nege

276 2449 338 2497 tialis
347 2449 497 2511 comparativa
507 2450 536 2494 de
554 2442 707 2495 emistituendo
725 2456 860 2505 accusatore,
880 2448 918 2508 qui
934 2449 1073 2510 podiemim
1088 2449 1114 2495 de

276 2531 368 2588 duobus,
378 2536 417 2576 aut
424 2531 461 2590 qui
471 2530 529 2577 solus
538 2534 631 2576 accuset.
644 2528 698 2574 dicit
707 2527 766 2574 enini
776 2526 893 2586 Caecilius,
908 2531 951 2574 aut
959 2543 974 2575 a
983 2543 1009 2577 re
1016 2540 1113 2577 ew

277 2610 330 2656 dum
338 2623 385 2654 esse
394 2605 496 2662 Verrem,
505 2607 544 2651 aut
554 2619 568 2650 a
578 2616 601 2651 se
611 2615 704 2666 quoquo.

220 2750 292 2834 1Si
321 2786 392 2834 ovis
420 2772 556 2835 vestrum,
575 2766 700 2841 Judioes,
724 2769 773 2822 aut
801 2783 898 2822 eorum
925 2766 978 2840 qui
1005 2769 1114 2836 imunt,

248 2874 320 2930 forte
335 2873 460 2939 miretur,
474 2889 530 2939 me,
544 2869 592 2944 qui
607 2874 649 2925 tot
669 2885 760 2924 annos
780 2867 812 2922 in
831 2867 926 2924 causis
941 2868 1116 2944 judiciisque

250 2971 372 3044 publicis
386 2971 428 3027 ita
448 2972 503 3027 sim
528 2973 667 3034 versatus,
681 2971 713 3022 ut
733 2964 913 3022 defenderim
932 2968 1053 3036 multos,
1066 2970 1117 3024 lae·

250 3068 337 3123 serim
350 3069 506 3131 neminem,
520 3067 615 3121 subito
629 3082 707 3123 nuuc
721 3069 830 3121 mutata
844 3064 1010 3134 voluntate,
1025 3068 1063 3123 ad
1077 3082 1118 3122 ao·

250 3164 408 3220 ousiadum
422 3165 616 3218 descendere:
637 3164 671 3231 is,
686 3163 710 3218 si
725 3163 782 3218 mei
803 3161 919 3219 consilii
941 3180 1063 3222 eausam
1081 3179 1119 3220 re·

252 3262 416 3332 tionemque
430 3260 608 3333 cognoverit,
622 3261 682 3317 uni
696 3266 725 3317 et
739 3261 778 3327 id,
789 3261 864 3334 qued
875 3259 964 3329 saeio,
978 3262 1118 3334 probabit,

252 3365 282 3418 et
296 3361 328 3417 in
341 3360 397 3415 lise
410 3376 497 3415 eausa
511 3360 639 3432 proiecto
648 3360 795 3419 neminem
809 3360 1051 3431 praeponendum
1061 3376 1119 3418 ease

252 3460 325 3519 mihi
338 3462 466 3515 actorem
479 3456 599 3530 putabit.
641 3458 716 3514 Cum
729 3462 863 3531 quaestor
884 3456 915 3512 in
931 3457 1041 3516 Sicilie
1060 3457 1121 3517 tuis

253 3577 324 3627 sem,
332 3555 456 3631 judiees,
473 3555 569 3628 itique
589 3574 626 3613 ex
648 3575 684 3612 ee
703 3554 856 3629 provincia
878 3556 1122 3626 decessissemut

254 3657 361 3716 Siculis
385 3656 517 3713 omnibus
532 3653 692 3724 jucundam
712 3654 933 3727 diuturnamque
955 3657 1123 3715 memorien

136 3780 197 3963 Ν
254 3762 423 3833 quaesturae
436 3751 618 3827 nominisque
632 3753 691 3811 mei
714 3752 923 3829 relinquerem:
944 3754 1059 3815 tantum
1076 3756 1123 3817 erto
