2700 4675
515 543 587 598 scr.
605 538 748 599 iturea
761 550 937 599 secundus.
1083 557 1149 620 365

282 685 348 750 reti
371 704 430 751 non
443 696 529 753 modo
543 697 573 754 id
578 680 646 753 'non
659 697 749 764 dices,
762 698 814 755 sed
827 716 866 755 ne
879 698 951 755 illud
964 696 1080 772 quidem
1093 698 1148 756 tibi

283 791 381 850 dicere
395 794 510 865 licebitq
532 801 652 863 tantum,
665 801 802 870 quantum
826 814 881 871 ego
903 797 1010 863 dicam,
1027 814 1085 854 uon
1106 796 1149 854 iu·

194 968 196 973 ¹
284 888 351 948 isse.
392 893 470 966 Ergo
484 893 539 950 hoo
553 899 651 951 vestro
663 894 787 951 consilio
810 900 841 952 et
862 895 955 970 gratia
979 894 1147 968 perfecistis,
1158 893 1201 958 78

282 996 315 1047 ut
328 993 565 1065 quemadmodum
589 995 686 1067 pamlo
709 998 777 1050 ante
800 994 873 1063 dixi,
887 999 917 1051 et
940 993 1012 1050 mihi
1036 1010 1158 1056 summa¹

280 1087 402 1147 facultas
426 1094 462 1148 ad
485 1094 677 1149 accusandum
698 1094 821 1160 daretur,
841 1097 872 1149 et
885 1092 1033 1166 judicibus
1056 1092 1148 1151 litera
1213 1104 1215 1108 '

282 1192 412 1261 potestas
423 1191 459 1246 ad
474 1192 658 1249 credendum.
700 1192 784 1262 Quod
802 1207 869 1248 cum
882 1190 924 1247 ita
942 1191 990 1257 sit,
1005 1190 1077 1248 nihil
1096 1192 1156 1249 liu-5

278 1303 346 1360 gam
359 1292 467 1344 tamen.
488 1288 654 1356 meminero,
668 1306 715 1346 me
734 1308 792 1345 non
800 1289 950 1355 sumsisse,
964 1306 1050 1361 quem
1063 1306 1148 1347 accu-

280 1401 389 1441 sarem:
410 1388 461 1442 sed
481 1388 635 1458 recepisse,
654 1404 723 1459 quos
742 1387 945 1443 defenderem:
967 1403 1020 1442 vos
1040 1404 1078 1442 ex
1098 1404 1157 1445 me*

280 1499 399 1538 causam
411 1501 470 1539 aon
483 1500 501 1539 a
515 1502 561 1539 me
572 1486 720 1554 prolatam,
731 1486 783 1540 sed
797 1485 833 1539 ad
845 1502 891 1540 me
902 1486 1037 1552 delatam,
1046 1484 1152 1542 audire-

280 1584 431 1653 oportere:
462 1597 509 1635 me
535 1580 641 1638 Siculis
662 1581 733 1637 satis
755 1600 819 1637 esse
843 1581 993 1647 facturum,
1014 1582 1049 1648 si,
1072 1600 1153 1654 quae

279 1678 407 1752 cognovi
430 1678 461 1734 in
485 1678 596 1746 Sicilia,
610 1698 683 1752 quae
705 1680 807 1752 accepi
829 1683 865 1735 ab
886 1680 966 1753 ipsis,
990 1678 1149 1753 diligenter.

279 1795 458 1849 exposuero:
488 1781 594 1850 populo
614 1779 756 1844 Romano,
775 1778 801 1835 si
822 1779 927 1835 nullius
948 1779 1018 1844 vim,
1038 1779 1146 1836 nultius
1185 1844 1187 1847 ⁸

195 1923 201 1935 ,
277 1875 437 1948 potentiam
453 1876 642 1945 pertimuero:
658 1877 750 1938 vobis,
762 1876 786 1929 si
799 1876 966 1933 facultatem
977 1887 1144 1952 verensque

279 1973 400 2029 honeste
408 1973 561 2045 judicandi
571 1973 627 2029 fide
641 1977 671 2027 et
684 1971 836 2044 diligentia
848 1990 914 2027 mea
926 1973 1040 2030 fecero:
1061 1976 1151 2033 mihi-

277 2078 346 2138 met,
355 2072 380 2128 si
392 2090 428 2127 ne
440 2070 588 2128 minimum
599 2070 713 2143 quidem
724 2070 761 2126 de
771 2087 808 2125 eo
821 2070 962 2127 curriculo
971 2069 1058 2139 vitae,
1067 2075 1144 2147 quod

277 2171 350 2228 mihi
370 2189 482 2243 semper
501 2170 673 2243 propositum
687 2169 749 2235 fuit,
762 2170 922 2225 decessero.
964 2171 1145 2244 Quapropter

279 2270 353 2327 nihil
363 2276 416 2338 est,
427 2272 500 2345 quod
512 2279 631 2337 metuas,
642 2268 755 2342 nequid
769 2268 800 2324 in
814 2273 844 2324 te
857 2270 1037 2344 confingam:
1052 2272 1143 2332 etiam

277 2373 353 2444 quod
369 2373 485 2436 laetere,
499 2372 596 2426 habes.
612 2370 700 2423 mrrlta
714 2368 883 2439 enim,quae
893 2369 955 2423 scio
968 2371 1019 2423 abs
1033 2376 1063 2425 te
1077 2389 1142 2429 esse

277 2469 441 2531 commissa,
455 2467 528 2537 quod
548 2469 596 2519 aut
618 2463 738 2518 nimium
757 2463 860 2532 turpia,
873 2468 923 2517 aut
937 2481 1035 2534 parum
1049 2468 1140 2526 credi-

275 2565 440 2636 biliatsunt,
462 2561 694 2632 praetermittam.
717 2564 827 2615 tantum
841 2577 924 2631 agam
940 2562 977 2616 de
1001 2563 1057 2617 hoc
1078 2570 1141 2621 toto
1208 2545 1210 2547 ⁵

276 2661 393 2720 nomine
407 2657 563 2715 societatis.
598 2659 637 2713 Ut
647 2658 710 2729 jam
724 2658 798 2712 scire
812 2657 919 2728 possis:
933 2676 1077 2732 quaeram,
1090 2663 1139 2719 ds-

275 2766 424 2823 eretumne
438 2755 493 2815 sit?
516 2757 590 2813 Cum
604 2755 633 2810 id
648 2754 801 2810 inveneroz
815 2771 959 2825 quaeram,
972 2762 1138 2816 remotaene

276 2863 333 2919 sint
344 2840 482 2914 litterae?
513 2855 587 2912 Cum
600 2853 631 2909 id
645 2870 756 2926 quoque
774 2853 927 2917 constabit,
942 2870 994 2908 vos
1003 2854 1076 2924 jam,
1091 2873 1138 2912 ms

275 2960 375 3022 tacito,
388 2953 566 3025 intelligetis,
577 2952 601 3007 si
615 2952 667 3017 illi,
679 2951 726 3024 qui
742 2951 796 3005 hoc
811 2948 892 3004 istius
905 2952 1138 3010 causadecreve·

230 3038 235 3044 ⁸
275 3065 349 3124 runt,
363 3055 473 3128 equites
490 3049 621 3116 Romani,
636 3066 713 3108 nunc
727 3049 815 3105 iidem
831 3047 862 3102 in
883 3065 950 3105 eum
963 3049 1079 3120 judicos
1094 3070 1137 3110 es·

209 3158 211 3162 ’
275 3162 349 3219 sent,
368 3154 388 3185 ⁹⁶
399 3155 484 3209 istum
504 3151 566 3207 sine
586 3147 673 3204 dulrio
692 3148 928 3214 condemnarent,
941 3148 978 3204 de
991 3167 1048 3222 quo
1061 3152 1138 3212 litte-

275 3273 319 3311 ras
339 3271 397 3318 eas,
411 3268 483 3324 quae
501 3249 581 3304 istius
595 3245 667 3302 furta
683 3247 854 3312 indicarent,
868 3251 897 3301 et
917 3236 954 3303 ad
974 3266 1005 3304 se
1026 3250 1137 3321 missas,

274 3359 304 3407 et
313 3370 364 3408 suo
375 3352 491 3406 decreto
503 3349 625 3401 remotas
639 3344 747 3400 scirent
760 3362 833 3401 esse.
856 3345 951 3415 Quem
960 3344 1046 3418 igitur
1053 3349 1090 3402 ab
1098 3347 1136 3428 iis

303 3512 324 3544 ⁹⁰
338 3512 406 3558 istum
414 3510 461 3558 aino
470 3507 536 3554 dudio
545 3503 730 3565 mensures]
769 3503 794 3548 ln
805 3503 904 3550 hocloco
912 3503 991 3551 vitium
1001 3518 1055 3560 esse,
1064 3519 1136 3554 sense·

273 3575 326 3615 ruut
335 3569 377 3614 viri
388 3569 455 3623 docti,
465 3568 502 3614 sed
513 3580 555 3612 non
565 3562 674 3620 corrigere
682 3562 718 3606 vel
727 3565 853 3623 potuerunt,
864 3563 900 3608 vel
910 3563 957 3608 ausi
967 3567 1022 3609 suut.
1054 3563 1135 3611 Secun-

272 3629 323 3672 dum
348 3629 427 3673 seriem
442 3627 529 3687 quidem
546 3620 651 3668 orationis
666 3621 733 3667 debet
748 3635 794 3665 esse
812 3619 936 3674 infinitivus,
946 3621 983 3682 qui
996 3622 1093 3680 pendeat
1105 3617 1134 3670 ab

271 3685 405 3742 intelligetis,
416 3686 607 3732 mrtdcmrurturns:
622 3680 663 3726 uisi
676 3681 733 3724 forte
743 3684 794 3740 post
801 3678 929 3737 inuutgetia
938 3679 1001 3726 tolon
1010 3679 1133 3742 intelligere

269 3744 321 3790 dum
332 3749 372 3799 est,
383 3749 408 3789 ut
418 3742 502 3804 reliqua
511 3741 562 3790 iude
571 3754 616 3787 uon
624 3738 743 3800 pendeant

303 3842 376 3884 νου.
397 3842 439 3882 rv.
672 3815 738 3876 33*

292 4028 310 4060 P
