2700 4675
489 593 554 641 Ac’l'
568 594 598 643 11.
613 594 713 644 LIBER
725 593 857 643 PRIMUS.
1038 593 1100 651 255

235 752 320 803 cere3
341 740 432 795 multa
446 741 503 797 sibi
516 760 586 815 opus
609 762 683 809 esse,
697 744 788 798 multa
809 739 931 798 canibus
952 736 1020 803 suis,
1033 751 1103 808 quos

236 833 316 890 eirca
340 854 371 892 se
393 838 522 895 haberet.
563 843 632 897 Non
646 858 762 913 possum
775 839 826 895 itta
847 836 959 910 plenius
979 850 1103 891 comme·

234 950 356 1001 morare,
370 953 456 1009 quam
469 936 563 1009 ipsum
583 939 721 1009 Ligurem
741 956 792 1010 pro
813 934 981 993 testimonio
1004 931 1103 987 dicere

234 1032 364 1088 audistis.
408 1034 486 1105 Quid
500 1035 588 1103 enim,
602 1033 733 1092 Verres?
753 1040 845 1092 utrum
859 1052 897 1091 ne
922 1033 967 1089 his
987 1030 1104 1105 quidem

237 1128 358 1186 testibus
378 1131 563 1191 crederetur?
582 1151 620 1191 au
635 1134 708 1190 haec
722 1135 759 1190 ad
777 1150 837 1190 rem
851 1150 910 1189 non
934 1124 1105 1204 pertinent?
1133 1163 1135 1167 -

235 1244 294 1284 non
310 1229 352 1284 M.
365 1228 511 1288 Octavio?
530 1250 587 1289 non
603 1234 638 1288 L.
654 1230 775 1306 Liguri?
797 1232 869 1303 Quis
884 1229 967 1287 nobis
981 1224 1103 1286 credet?

234 1327 283 1382 cui
297 1325 370 1386 nos?
390 1330 458 1403 quid
472 1335 524 1397 est,
538 1332 656 1398 Verres,
677 1332 753 1405 quod
767 1334 886 1403 planum
906 1329 969 1385 fieri
982 1327 1104 1384 testibus

234 1428 332 1500 possit,
347 1429 372 1485 si
386 1431 442 1487 hoc
466 1448 525 1486 non
541 1428 602 1486 sit?
624 1447 662 1485 an
676 1430 717 1495 id,
737 1430 812 1501 quod
833 1428 945 1493 dicunt,
959 1429 1025 1482 teve
1040 1422 1105 1481 est?

235 1526 307 1581 nihii
331 1527 437 1593 levius,
451 1544 536 1601 quem
556 1532 718 1599 praetorem
737 1526 814 1583 urbis
837 1527 893 1581 hoc
906 1524 981 1597 juris
1008 1524 1039 1581 in
1053 1541 1104 1579 suo

221 1624 398 1697 'magistratu
418 1624 604 1691 constituere,
624 1625 817 1690 omnibusne,
842 1624 944 1698 quibus
959 1623 1104 1681 hereditas

219 1724 358 1791 uenerit,
385 1724 559 1781 coheredem
587 1730 749 1797 praetorem
776 1741 840 1780 esse
867 1729 1009 1796 oportere.
1053 1723 1104 1778 An

235 1839 307 1877 vero
316 1822 488 1889 dubitamus,
502 1841 558 1896 quo
571 1841 621 1878 ore
632 1823 688 1878 iste
702 1826 814 1878 ceteros
824 1822 955 1878 homines
969 1820 1104 1877 interiore

233 1921 309 1986 loco,
330 1921 512 1985 auctoritate,
526 1919 636 1984 ordine,
650 1937 707 1991 quo
719 1937 770 1975 ore
791 1919 923 1975 homines
944 1918 1104 1974 rusticanos

235 2035 273 2073 ex
288 2016 464 2087 municipiis,
478 2016 666 2089 quodenique
678 2033 737 2082 ore,
746 2034 816 2090 quos
831 2032 986 2089 numquam
999 2015 1104 2071 liberos

235 2113 359 2187 putavit,
374 2114 522 2170 tibertinus
536 2115 678 2181 homines,
693 2116 796 2172 solitus
810 2116 848 2173 sit
876 2119 1031 2188 appellare,
1055 2115 1105 2189 qui

232 2214 271 2269 ob
279 2212 327 2284 jus
341 2213 498 2270 dicundum
515 2213 558 2269 M.
573 2213 732 2271 Octavium
747 2214 1051 2290 Ligurem,iromiuem
1061 2233 1104 2271 or·

233 2311 413 2371 natissimum
428 2315 501 2381 loco,
516 2313 627 2382 ordine,
641 2314 769 2383 nomine,
784 2315 900 2383 virtute,
915 2315 1042 2389 ingenio,
1057 2331 1104 2371 co

232 2413 297 2486 piis,
307 2431 427 2484 poscere
442 2413 597 2485 pecuniam
611 2430 670 2468 non
685 2412 845 2469 dubitarit?

274 2513 309 2567 ln
330 2511 414 2566 sartis
437 2510 522 2566 tectis
537 2527 607 2565 vero
628 2513 869 2583 quemadmodum
889 2529 953 2567 sese
973 2513 1102 2585 gesserit,
1114 2515 1154 2572 49

233 2608 307 2683 quid
324 2625 380 2680 ego
401 2604 519 2663 dicam?
539 2606 684 2674 dixerunt,
701 2609 750 2681 qui
774 2617 934 2667 senserunt.
955 2619 1022 2668 sunt
1042 2613 1102 2680 alii,

232 2706 281 2780 qui
296 2705 411 2761 dicant:
433 2710 519 2761 notae
533 2723 578 2761 res
592 2722 627 2762 ac
643 2706 825 2775 manifestae,
838 2712 967 2782 prolatae
982 2717 1058 2778 sunt,
1072 2717 1103 2768 et

217 2805 419 2878 proteruntur.
462 2803 549 2859 Dixit
563 2804 598 2860 O.
614 2804 755 2870 Fannius,
769 2824 858 2880 eques
877 2809 1035 2875 Romanus,
1049 2811 1103 2867 sra-

230 2908 275 2960 ter
288 2921 440 2975 germanus
455 2903 492 2973 Q.
508 2901 626 2969 Titinii,
638 2902 749 2975 judicis
764 2904 815 2971 tui,
830 2905 883 2960 tibi
902 2923 933 2961 se
948 2908 1102 2979 pecuniam

229 3003 355 3059 dedisse.
376 3018 489 3064 encres
511 3017 729 3058 enema-rourum
745 3020 771 3056 c.
787 3020 907 3059 unnnrr.
949 3005 1050 3062 Nolite
1066 3008 1100 3064 Ο.

232 3101 348 3158 Fannio
361 3100 473 3156 dicenti
492 3101 629 3156 credere:
651 3099 722 3166 uoti,
743 3100 869 3174 inquam,
884 3108 924 3169 tu,
939 3098 975 3175 Q.
992 3104 1100 3173 Titini,

231 3199 267 3255 C.
284 3197 408 3264 Fannio,
422 3199 502 3254 fratri
523 3204 582 3267 tuo,
595 3201 724 3255 credere.
745 3199 818 3256 dicit
840 3201 918 3257 enim
932 3219 993 3258 rem
1007 3202 1099 3262 inere·

230 3293 367 3349 dibilem:
389 3295 424 3349 G.
444 3295 567 3351 Verrem
581 3296 729 3353 insimulat
742 3297 884 3355 avaritiae
898 3306 929 3356 et
942 3303 1098 3358 audaciae:

232 3408 306 3466 quae
320 3388 394 3445 vitia
412 3388 547 3446 videntur
559 3391 591 3470 in
605 3395 739 3466 quemvis
752 3395 857 3468 potius,
870 3415 955 3470 quam
968 3398 999 3455 in
1013 3399 1099 3456 istum

229 3487 398 3546 convenire.
440 3486 527 3544 Dixit
549 3489 585 3559 Q.
606 3490 731 3558 Tadius,
750 3493 837 3550 homo
858 3496 1098 3553 familiarissimus

228 3586 318 3663 patris
331 3585 423 3652 istius,
438 3603 497 3642 non
508 3585 621 3644 alienus
632 3605 650 3643 e
660 3590 759 3646 matris
770 3593 831 3664 ejus
845 3612 951 3666 genere
963 3598 992 3649 et
1006 3596 1097 3651 nomi-

227 3705 284 3746 ne:
313 3685 425 3740 tabulas
449 3685 576 3756 protulit,
598 3686 699 3760 quibus
722 3686 906 3763 ³⁵pecuniam
928 3711 959 3748 se
981 3693 1097 3750 dedisse

254 3822 278 3854 ³⁵
291 3818 410 3885 pamniam
419 3817 511 3889 dedisse]
528 3835 557 3866 se.
568 3835 597 3868 ne
604 3819 627 3869 in
635 3823 700 3872 sartis
709 3824 774 3872 tertis
784 3826 814 3874 ab
823 3841 847 3875 ae
856 3825 967 3885 eugentis
977 3827 1096 3879 calumnier

224 3885 288 3930 remr
297 3883 321 3926 et
330 3879 371 3926 sibi
379 3877 505 3927 molestum
514 3885 608 3929 crearet.
