2700 4675
271 515 314 578 36
646 512 771 562 emmo
841 555 845 562 .

271 657 392 734 nequid
414 659 487 718 milri
500 658 640 734 ejusmodi
663 659 819 727 accideret,
838 673 909 717 cum
931 664 1050 721 contra
1070 666 1154 724 talen

217 744 260 807 25
271 757 412 817 artificem
425 758 552 817 dicturus
566 778 669 829 essem,
683 777 729 818 me
744 755 847 816 vereri.
890 757 979 817 Tum
995 762 1079 821 mihi
1090 765 1155 822 Ros·

270 856 333 915 cius
347 862 377 914 et
400 858 458 916 alia
471 860 561 916 multa
585 857 776 916 confirmandi
798 853 857 912 mei
883 872 978 914 causa
1008 860 1109 922 dixit:
1128 865 1154 919 et

269 958 444 1023 mehercule,
465 957 490 1013 si
504 957 577 1014 nihil
592 959 712 1025 diceret,
726 955 816 1014 tacito
836 953 901 1028 ipso
915 954 1026 1015 officio
1048 964 1081 1016 et
1100 964 1153 1018 slu-

269 1052 327 1121 dio,
341 1053 416 1127 quod
441 1054 566 1110 habebat
588 1072 656 1128 erga
679 1053 868 1127 propinquum
889 1070 989 1122 suum,
1017 1056 1152 1132 quemvis

268 1156 475 1208 commoveret.
516 1150 643 1216 Etenim,
665 1169 733 1209 cum
754 1151 859 1208 artifex
880 1149 1036 1223 ejusmodi
1061 1155 1112 1224 sit,
1124 1136 1154 1213 ut

269 1251 347 1307 solus
359 1249 464 1325 dignus
485 1249 618 1307 videatur
642 1267 715 1318 esse,
737 1248 842 1324 quiin
864 1264 955 1306 scena
978 1258 1148 1324 spectetur:

269 1351 330 1407 tum
344 1349 390 1408 vir
403 1349 542 1424 ejusmodi
556 1354 610 1417 est,
624 1353 656 1407 ut
669 1351 746 1407 solus
764 1347 868 1421 dignus
883 1346 1036 1420 videatur,
1051 1351 1104 1427 qui
1116 1367 1151 1409 eo

269 1465 329 1507 non
353 1451 482 1508 accedat
525 1448 744 1517 Verumtamen,
768 1446 836 1523 quid
862 1445 897 1513 si,
924 1445 1150 1521 inquitisum·

269 1546 410 1619 ejusmodi
423 1565 548 1614 causam,
562 1551 592 1603 ut
606 1548 662 1604 hoc
684 1547 738 1605 tibi
761 1549 879 1619 planum
900 1543 940 1601 sit
963 1544 1151 1619 iaciendum,

268 1643 417 1702 neminem
440 1662 513 1712 esse,
526 1644 574 1718 qui
588 1643 679 1717 possit
699 1642 795 1711 biduo,
810 1648 859 1700 aut
872 1660 1023 1704 summum
1039 1646 1146 1717 triduo,

268 1740 453 1815 septingenta
476 1740 569 1800 millia
592 1759 725 1815 passuum
739 1727 908 1799 ambulare?
929 1745 1076 1803 tamenne
1098 1764 1148 1806 ve·

268 1839 393 1908 reris,ut
414 1840 505 1915 possis
519 1842 593 1898 haec
614 1846 716 1919 contra
730 1839 916 1899 Hortensium
936 1842 1149 1905 contendere?

267 1939 397 2012 minime,
411 1941 538 2018 inquam.
582 1942 641 1999 Sed
655 1941 725 2017 quid
748 1940 777 1999 id
800 1935 933 1998 adrem?
952 1937 1149 2015 ¹³'Nimirum

268 2038 371 2114 inquit,
386 2040 417 2098 in
431 2027 576 2099 eo'causa
596 2041 740 2099 consistit.
784 2034 959 2113 Quomodo?
978 2038 1087 2100 Docet
1101 2061 1148 2104 mc

268 2136 409 2208 ejusmodi
422 2157 492 2205 rem,
506 2143 536 2195 et
555 2139 663 2196 iactum
687 2140 772 2196 simul
794 2140 863 2195 Sex.
879 2135 1001 2205 Naevii,
1016 2143 1109 2216 quod,
1124 2141 1150 2200 si

265 2233 359 2289 solum
373 2233 551 2307 proferretur,
564 2236 634 2292 satis
658 2254 723 2293 esse
744 2238 871 2292 deberet.
914 2236 1000 2307 Quod
1025 2240 1080 2297 abs
1107 2245 1148 2310 te,

267 2327 303 2390 C.
320 2331 440 2408 Aquilli,
454 2338 485 2391 et
497 2351 515 2391 a
530 2333 622 2404 vobis,
636 2334 685 2410 qui
699 2334 805 2394 adestis
819 2334 849 2392 in
872 2334 1007 2403 consilio,
1022 2356 1145 2413 quaeso,

266 2435 298 2490 ut
311 2433 467 2510 diligenter
480 2434 644 2496 attendatis.
659 2436 788 2510 proiecto
808 2434 988 2510 intelligetis,
1002 2435 1093 2496 illinc
1108 2441 1146 2497 ab

265 2532 351 2591 initio
365 2535 552 2608 cupiditatem
566 2554 708 2612 pugnasse
732 2541 763 2594 et
788 2535 955 2600 audaciam
976 2530 1052 2593 hinc
1067 2536 1147 2597 veri·

265 2635 355 2688 tatem
369 2637 400 2687 et
423 2635 569 2704 pudorem,
589 2633 683 2708 quoa'd
707 2635 840 2707 potuerit,
854 2632 1003 2690 restitisse.
1054 2634 1146 2695 Bona

265 2729 447 2798 postularam
470 2745 509 2784 ex
523 2729 620 2785 edicto
640 2730 786 2801 possidere
811 2729 909 2785 liceat.
934 2746 990 2801 quo
1014 2730 1094 2791 die?
1114 2738 1144 2793 te

264 2822 367 2896 ipsum,
381 2823 490 2891 Naevi,
504 2826 573 2881 volo
595 2816 713 2881 audirer
734 2817 812 2885 volo,
828 2820 987 2877 inauditum
1012 2827 1143 2901 facinus,

264 2920 362 2993 ipsius,
376 2920 425 2997 qui
437 2921 468 2978 id
479 2921 634 2986 commisit,
648 2935 723 2974 voce
747 2914 896 2973 convinci.
938 2914 1008 2981 Dic,
1024 2906 1142 3003 Naepj',

263 3018 351 3075 diem.
382 3021 462 3076 Ante
489 3017 518 3073 V
548 3016 672 3071 Kalend.
707 3012 901 3071 intercalares.
943 3014 1027 3072 Bene
1065 3016 1143 3101 ag'ig,

263 3132 348 3188 quam
362 3118 448 3188 longe
460 3117 507 3183 est
520 3110 590 3169 hinc
603 3111 635 3169 in
655 3115 760 3171 saltum
781 3118 909 3172 vestrum
923 3113 1143 3184 Gallicanum?

264 3212 373 3279 Naevi,
387 3217 416 3271 te
442 3228 520 3286 rogo.
545 3227 601 3268 ucc
629 3212 723 3271 millia
750 3230 892 3288 passuum.
915 3212 1042 3288 Optime.
1088 3221 1142 3281 De

263 3311 338 3366 saltu
351 3310 486 3385 dejicitur
499 3309 644 3384 Quintius.
659 3310 798 3388 quodie?
818 3331 964 3387 possumus
987 3313 1043 3368 hoc
1067 3336 1140 3392 quo-

263 3426 318 3484 que
343 3426 380 3467 ex
402 3414 431 3467 te
458 3407 577 3470 audire?
599 3411 676 3481 Quid
691 3409 792 3476 taces?
810 3411 868 3480 dic,
891 3411 1017 3488 inquam,
1041 3412 1137 3476 diem.

264 3552 1137 3733 ..illumi-..5-larderariumtruttmunt:

264 3679 363 3729 Frustra
394 3683 486 3729 clarum
495 3687 536 3738 est,
547 3685 652 3746 explicari
666 3685 703 3733 hie
712 3686 781 3748 aliqui
805 3705 810 3731 :
827 3685 850 3732 in
859 3698 904 3746 quo
912 3683 1030 3739 citiarum,
1039 3687 1075 3730 est
1084 3694 1137 3732 ve-

263 3736 317 3789 bum
326 3741 446 3804 proprium,
456 3745 482 3789 ut
488 3740 576 3789 adlisa.
