2700 4675
450 557 515 611 sao
529 558 560 611 s.
575 558 689 611 nosoro
702 557 870 612 consonos·
1034 559 1093 635 its

227 720 298 765 nem
319 707 443 781 amplius
466 704 644 783 petiturum?
670 726 723 766 cur
745 709 783 766 de
804 707 895 766 tundo
920 705 1039 777 decidit,
1065 714 1095 768 et

216 801 336 878 judicio
349 821 409 863 non
422 806 603 864 absolvitur?
623 824 675 864 cur
689 811 749 863 mm
758 806 891 879 imperite
904 805 983 874 iacit,
995 812 1028 864 ut
1040 819 1096 865 nec

228 901 370 976 Roscium
386 902 574 975 stipulatione
587 904 698 978 alliget,
717 922 809 979 neque
822 922 841 962 e
855 904 972 962 Fannio
983 904 1097 978 judicio

225 1017 261 1057 se
271 979 431 1058 absolvat?
451 1000 506 1058 Est
520 1003 575 1059 boc
592 1002 715 1075 primurn
728 1008 759 1060 st
777 1022 816 1061 ex
830 1001 998 1061 conditione
1011 1002 1096 1075 juris,

229 1101 262 1153 ct
275 1114 314 1154 ex
327 1098 536 1159 consuetudins
549 1100 701 1170 cautionis,
714 1100 915 1176 gravissimum
928 1106 958 1159 et
971 1100 1096 1159 firmissi-

227 1212 309 1252 mum
323 1202 536 1270 argumentum:
560 1201 635 1274 quud
649 1218 705 1275 ego
720 1200 846 1273 pluribus
859 1200 956 1258 verbis
969 1200 1096 1273 amplec-

229 1296 315 1363 terer,
337 1296 363 1353 si
383 1313 442 1354 nou
462 1296 521 1354 slis
539 1298 663 1356 certiora
684 1305 715 1356 et
736 1299 858 1356 clariora
877 1297 1044 1355 testimonia
1062 1297 1095 1356 in

223 1407 314 1450 causa
323 1394 469 1452 haberem.
490 1396 538 1464 Et,
553 1414 591 1454 na
604 1397 677 1453 lonc
688 1413 736 1453 me
749 1397 806 1454 boc
818 1396 921 1453 trustra
933 1395 1095 1469 pollicitum
1108 1401 1148 1463 13

217 1507 292 1547 esse
305 1493 475 1565 praedices:
495 1498 534 1561 te,
547 1499 587 1563 te,
606 1495 733 1568 inquam,
747 1494 854 1563 Fanni,
867 1496 905 1552 ab
919 1493 976 1552 tuis
989 1495 1096 1551 subsel-
1170 1498 1172 1501 ’

221 1587 275 1647 liis
291 1595 393 1647 contra
406 1596 436 1648 te
454 1596 560 1650 testem
573 1594 729 1651 suscitabo.
770 1591 942 1652 criminatio
960 1596 1009 1651 tua
1021 1609 1095 1666 quae

224 1684 294 1744 est?
321 1688 460 1747 Roscium
483 1708 551 1750 cuns
578 1692 684 1749 Flavio
705 1709 758 1766 pro
775 1692 917 1750 societate
939 1691 1093 1749 decidisse.

226 1785 295 1856 Quo
308 1785 457 1861 tempore?
471 1790 591 1848 Abhinc
603 1792 687 1848 annis
701 1810 743 1848 ru.
786 1792 928 1848 Defensio
940 1808 1007 1848 mea
1020 1807 1094 1865 quac

226 1878 296 1939 esti
317 1882 455 1941 Roscium
474 1904 526 1959 pro
539 1904 591 1943 sua
603 1892 685 1959 parte
698 1904 767 1945 cum
783 1889 892 1945 Flavio
911 1889 1093 1961 transegisse.

227 1967 420 2051 Repromittis
452 1986 484 2038 tu
516 1983 623 2039 abhinc
648 1982 806 2041 triennium
835 1985 954 2054 Roscio.
994 1981 1096 2057 Quid?

230 2076 324 2134 recita
333 2076 419 2135 istam
433 2079 680 2153 restipulationem
695 2080 809 2138 clarius.
830 2082 971 2150 Attende,
982 2098 1097 2158 quaeso,

229 2174 310 2234 Piso.
351 2177 497 2234 Fannium
508 2178 643 2247 invitum,
656 2184 687 2236 et
706 2180 761 2237 buc
775 2185 860 2255 atque
874 2180 945 2240 illuc
959 2182 1096 2257 tergiver-

226 2280 351 2345 santem,
373 2278 569 2335 testimonium
590 2284 692 2338 contra
712 2298 744 2344 se
767 2280 865 2340 dicere
892 2266 975 2357 cogo.
1016 2280 1095 2354 Quid

227 2376 310 2435 enim
329 2376 509 2451 restipulatio
531 2377 661 2436 clamati
687 2396 771 2444 ouon
794 2397 815 2437 n
839 2398 955 2437 nnsvro
982 2395 1096 2435 sasnu-

228 2492 322 2543 nnno,
349 2493 476 2533 rsnrnu
503 2494 652 2533 nrumrsu
673 2493 749 2531 rnnn
769 2469 879 2532 aosoro
900 2493 944 2531 un
965 2491 1097 2532 sonuru·

229 2590 297 2631 auu
312 2590 461 2632 secunus.
496 2575 565 2632 Tua
575 2590 635 2630 vox
648 2577 701 2640 est,
716 2573 823 2630 Fanni.
856 2571 933 2644 Quid
946 2570 1096 2629 tuaulerre

230 2675 315 2744 potes
338 2687 356 2727 a
380 2671 497 2740 Flavio,
518 2671 543 2728 si
565 2670 687 2728 Flavius
710 2670 785 2727 nibil
806 2667 916 2728 debet?
943 2671 1021 2743 Quid
1046 2670 1096 2728 bic

229 2784 316 2842 porro
329 2786 406 2827 nunc
420 2769 609 2843 restipulatur,
628 2772 702 2845 quod
709 2769 885 2845 jampridem
897 2771 959 2845 ipse
973 2770 1096 2848 exegit?

230 2869 300 2943 quid
315 2887 384 2927 varo
399 2869 521 2928 Flavius
542 2871 595 2928 tibi
609 2873 723 2929 daturus
737 2876 791 2940 est,
810 2872 859 2945 qui
872 2872 980 2930 Roscio
999 2889 1095 2943 omne,

229 2970 306 3042 quod
313 2969 421 3038 debuit,
435 2967 591 3029 dissolvit?
604 2989 655 3028 cur
664 2971 696 3027 in
707 2989 738 3028 re
747 2975 808 3028 tam
818 2970 920 3037 veteri,
934 2970 965 3027 in
978 2971 1096 3044 negotio
1126 2991 1130 2997 ’

230 3069 1095 3145 tamconfect0,insocietatedissoluta,uovahaecrestipula·

229 3171 273 3228 tio
280 3168 488 3245 interponitur?
501 3170 573 3243 Quis
581 3175 626 3229 est
634 3171 717 3245 hujus
724 3169 948 3243 restipulationis
956 3169 1094 3246 scriptori

232 3267 334 3327 testis?
347 3268 474 3330 arbiter?
487 3267 570 3345 quis?
584 3273 614 3327 tu
629 3269 707 3328 Piso.
749 3270 798 3326 'Pu
810 3267 889 3326 enim
903 3270 940 3342 Q.
954 3269 1094 3329 Roscium

233 3384 285 3442 pro
308 3385 404 3442 opera,
430 3385 482 3442 pro
507 3370 613 3436 labore,
637 3369 713 3443 quod
730 3367 863 3441 cognitor
885 3367 995 3436 luisset,
1018 3369 1095 3443 quod

232 3467 402 3527 vadimonia
427 3468 543 3537 obisset,
569 3466 687 3541 rogasti,
708 3470 741 3523 ut
768 3463 1009 3524 Fannioaedaret
1030 3465 1094 3522 H-S

230 3621 288 3729 ,113²
295 3620 745 3727 tittlifttllltfl'lttld
752 3612 1096 3740 &iiiiiiiiiss'iini'i
1189 3710 1198 3731 ‚

234 3740 285 3786 edd.
298 3754 332 3800 pr.
343 3752 409 3784 verus
423 3751 471 3784 esse
483 3752 526 3784 non
542 3741 621 3800 potest.
651 3740 712 3786 Nam
726 3739 749 3785 in
763 3752 791 3784 eo
806 3741 840 3783 est
855 3740 905 3782 tota
919 3744 1019 3800 pecuum,
1030 3743 1096 3798 quarn

229 3798 326 3848 Roscius
338 3796 443 3846 albasio
452 3795 544 3858 accepit.
574 3797 694 3848 Manutius
702 3797 811 3848 decinam
824 3798 911 3856 partem
920 3792 995 3848 smmi·
1007 3786 1095 3839 1²¹¹&-
