2700 4675
265 550 306 610 33
634 545 759 596 omaro

264 693 438 769 impediret:
458 694 485 753 si
504 696 638 754 voluntas
657 694 762 752 mem
783 694 931 752 maneret:
951 690 984 750 si
1007 695 1148 756 volcas:

264 794 389 869 denique
415 794 441 851 si
468 795 594 854 viveres.
635 794 755 852 Praetor
773 791 918 867 jussisset.
960 790 1146 865 Opinor,si

265 895 365 960 vellet,
378 892 404 949 si
418 893 538 962 valeret,
550 893 578 950 si
588 894 638 967 jus
661 894 782 960 diceret,
800 888 855 946 “si
873 902 964 947 nemo
978 896 1145 959 mom

264 991 334 1066 quin
354 1008 393 1047 ex
417 990 507 1063 ipsios
519 992 638 1049 decreto
651 997 682 1048 et
695 991 834 1048 satisdare
847 991 879 1045 et
891 985 1049 1059 ‚judicium
1059 990 1144 1063 'scel-

264 1105 333 1163 pere
347 1089 447 1145 vellet
489 1088 576 1156 Nam,
588 1105 640 1161 par
649 1090 723 1145 deos
736 1084 956 1153 immortalem
967 1086 1142 1160 Alpheum,

264 1190 428 1260 procurator
451 1186 486 1244 Ρ.
499 1185 622 1260 Quintii,
634 1185 689 1244 tibi
702 1191 763 1244 dan
774 1184 924 1250 satisdare,
936 1187 970 1240 et
987 1185 1143 1259 judicia}

264 1284 399 1360 accipere
420 1287 521 1355 vellet,
533 1283 658 1362 denique
677 1284 785 1354 omnia,
805 1300 878 1359 quae
898 1284 1079 1355 1³⁰st
1103 1286 1144 1348 fs·

266 1402 333 1444 cere
347 1385 495 1455 voluisset,
508 1385 577 1461 quid
589 1382 711 1461 ageres?
731 1399 883 1443 revocares
903 1397 982 1449 eum,
1001 1399 1098 1457 quem
1109 1384 1141 1446 in

266 1485 395 1541 Galliam
406 1484 524 1542 miseras
536 1482 548 1542 l
568 1485 611 1542 At
619 1484 669 1542 liic
682 1483 798 1559 quidem
804 1481 868 1555 jam
881 1480 919 1537 de
927 1478 1022 1539 londo
1037 1484 1141 1558 expal-

265 1598 330 1638 sus:
345 1583 409 1652 jam
422 1599 441 1637 a
458 1582 517 1639 suis
537 1581 593 1639 diis
612 1582 764 1656 penatibus
782 1596 921 1654 praeceps
934 1577 1063 1651 ejectus,
1076 1582 1140 1656 jan

265 1675 354 1754 (quod
375 1677 607 1752 indignissimum
621 1676 680 1756 est)
698 1696 814 1737 suorum
827 1693 977 1735 servorum
990 1680 1140 1748 mnibus,

266 1777 369 1835 nuntio
388 1782 473 1852 atque
493 1777 687 1851 imperiosam
702 1777 826 1835 violatus
839 1780 925 1834 esset
966 1775 1141 1855 corrigeres

266 1877 349 1947 haec,
363 1875 486 1944 scilicet,
499 1881 530 1934 to
549 1881 658 1951 postea.
700 1877 749 1935 De
769 1876 937 1951 cujusquam
951 1874 1017 1936 vita
1037 1877 1139 1936 dicen

267 1979 365 2046 audes,
379 1976 428 2053 qui
452 1977 508 2034 hoc
528 1978 672 2035 concedas
696 1993 817 2034 necesse
830 1978 884 2041 est,
897 1973 939 2030 ita
960 1978 992 2031 te
1013 1990 1141 2036 mmm

269 2076 428 2148 cupiditate
442 2079 472 2132 et
485 2076 609 2134 avaritia
620 2077 769 2144 luissent,
782 2092 849 2133 cum
860 2077 960 2147 postea
970 2072 1044 2147 quid
1063 2075 1137 2134 lata·

268 2188 330 2227 rom
354 2178 439 2240 esset,
452 2171 608 2244 ignorares,
621 2174 755 2230 accidere
773 2177 872 2230 autem
895 2172 987 2228 molta
1008 2178 1140 2245 poesapt

269 2284 350 2341 spem
364 2268 500 2326 maleficii
521 2269 681 2343 praesentis
694 2270 726 2327 in
755 2269 868 2329 incerto
881 2268 985 2346 reliqui
999 2272 1140 2347 tempo&

269 2373 378 2427 eventu
389 2370 547 2428 collocares
561 2366 573 2428 l
595 2370 693 2446 Atque
713 2353 787 2428 haec
801 2369 920 2444 perinde
934 2370 1140 2448 loquor„qaui

271 2467 333 2542 ipso
346 2469 398 2529 illo
412 2476 549 2546 tempore,
568 2467 665 2529 “cum
680 2475 837 2546 tepraetor
843 2468 978 2544 jussisset
997 2485 1039 2525 ex
1061 2470 1141 2531 edio·

269 2572 301 2624 to
324 2570 478 2641 possidere,
502 2569 579 2627 siin
600 2570 812 2644 possessionem
835 2567 971 2634 misisses,
992 2566 1141 2638 debua‘u,

270 2668 322 2720 aut
335 2667 460 2735 potueris
475 2667 510 2721 P.
522 2667 673 2736 Quintium
684 2670 721 2725 de
734 2667 915 2739 possessione
923 2665 1091 2726 deturbare.
1134 2698 1138 2723 ·.

218 2775 259 2838 ῃ
312 2759 419 2817 Omnia
432 2766 507 2829 sunt,
521 2762 557 2818 (l.
571 2762 693 2835 Aquilli,
706 2762 856 2832 ejusmodi,
872 2761 970 2832 quivis
983 2767 1016 2818 ut
1030 2765 1141 2842 ponpis

271 2875 338 2916 cere
350 2859 449 2932 possit,
457 2859 488 2917 in
499 2860 555 2916 hae
568 2875 656 2915 causa
668 2855 881 2928 improbitatem
893 2858 923 2908 et
936 2857 1065 2924 gratiam
1075 2876 1141 2927 m

271 2958 371 3030 iuopia
383 2965 414 3015 et
435 2956 455 2989 ⁰⁵
464 2955 587 3012 veritate
601 2953 788 3010 contenderes
828 2950 946 3007 Praetor
960 2952 989 3005 te
1003 2962 1141 3027 quend-

303 3092 326 3123 03
340 3092 359 3136 si
373 3086 625 3146 maerentemque,
641 3085 697 3156 etc]
726 3085 845 3133 Lambinus
860 3085 931 3132 edidit
977 3087 1006 3143 is,
1022 3094 1142 3153 ρωῄψ,

274 3150 366 3197 sednon
375 3148 477 3194 imitante
485 3145 590 3193 Graevio.
622 3146 912 3193 Nmsmedubitationesic
955 3146 1041 3196 idimus.
1075 3155 1142 3207 itm

275 3221 318 3268 que
328 3206 433 3252 satisdare
441 3220 482 3267 pro
493 3204 585 3262 vulgato
594 3202 714 3263 solodoro.
745 3206 782 3252 Sic
791 3206 857 3268 plane
866 3221 933 3267 supra
951 3205 1013 3252 dixit.
1035 3204 1141 3260 'Faceta

275 3265 334 3312 letus
343 3265 402 3310 idem
411 3265 524 3322 evulgato
532 3268 654 3325 extorquet.
665 3278 708 3310 noo
716 3265 817 3322 feliciter,
827 3270 853 3312 ut
859 3271 920 3326 puto.

305 3343 326 3375 ⁸⁴
342 3356 395 3403 cum
404 3347 423 3387 le
428 3347 523 3400 precor,
534 3343 588 3404 etc]
619 3343 707 3405 Nempe
716 3343 797 3405 duplex
805 3343 847 3390 fuit
860 3344 883 3390 in
899 3343 940 3390 tali
949 3358 1015 3390 musa
1023 3345 1142 3396 matun

276 3402 313 3450 Pr.
321 3403 349 3447 de
408 3401 986 3506 essionaprimum,utoccuparetpossessionem‚sed
996 3407 1142 3454 tanwmeus-
1192 3427 1194 3430 ·

275 3461 353 3509 todien
368 3460 376 3505 i
394 3475 478 3518 caussm
498 3465 601 3516 aterum,
611 3475 651 3524 per
669 3462 729 3523 quod
743 3462 844 3508 dominus
859 3465 928 3508 tieret
958 3460 1020 3520 Ergo
1031 3463 1143 3524 Nassica,

291 3522 408 3568 uitantum
435 3519 513 3566 rimum
522 3521 633 3567 decretum
643 3519 783 3582 impetrarat,
792 3522 887 3568 nondum
903 3520 1142 3582 poteratQuintiume

275 3537 405 3628 imdodetu
446 3592 485 3637 τες
501 3579 559 3640 quod
569 3579 668 3626 dominus
677 3579 745 3626 modo
753 3580 825 3625 lacere
863 3579 975 3626 test-si
989 3581 1143 3636 inponatis

275 3654 327 3687 stem
335 3637 435 3692 misisses,
446 3651 523 3698 nempe
531 3641 580 3698 tuos
595 3642 634 3684 tuo
651 3638 709 3696 loco,
725 3638 762 3700 qui
771 3653 808 3685 cus
848 3638 906 3686 irent
920 3638 993 3694 modo,
1004 3637 1075 3683 donec
1084 3641 1143 3688 alte·

275 3699 447 3746 rumdeeretum
454 3696 616 3744 intercessisset.
1172 3698 1174 3703 '

304 3777 326 3808 ⁸⁵
339 3773 431 3822 emitote
441 3773 585 3844 remordere]
621 3775 668 3823 Hic
685 3776 770 3838 aliquid
786 3777 890 3825 excidisse
907 3776 996 3846 videtur
1014 3775 1143 3847 Lamoiuot

177 3907 182 3923 ,
274 3836 984 3957 efficaciam„
998 3838 1023 3881 ²*
1036 3840 1146 3898 aa,
