2700 4675
279 512 343 574 298
618 496 813 566 lllvbltrtbld

280 653 416 728 injuriae,
430 656 460 711 et
473 668 512 710 ex
530 650 627 727 aliqui
647 649 789 725 particula
801 645 875 704 socii
888 646 1016 720 praedae
1030 662 1067 705 ac
1081 641 1152 721 rapi·

280 771 391 821 uarum,
415 754 542 809 clamare
568 754 734 824 coepsmnt,
747 746 804 804 sibi
824 751 856 803 ut
876 747 998 802 baberet
1012 747 1152 804 heredita

280 856 350 907 tem.
372 856 469 907 tantus
481 849 513 907 in
526 850 607 907 curia
615 852 724 906 clamor
733 846 825 902 lactus
839 850 893 910 est,
906 848 939 900 ut
952 847 1074 917 populus
1083 862 1152 905 con·

228 953 416 1013 adcurreret.
457 949 516 1005 Res
541 949 579 1004 ab
600 947 681 1005 omni
704 948 853 1002 conventu
876 942 1005 1015 cognita,
1018 944 1151 1000 celeriter

279 1047 396 1104 domum
409 1045 566 1102 nuntiatur.
608 1046 706 1101 Homo
729 1042 865 1099 inimicus
888 1027 1151 1116 disquiremus

280 1149 364 1213 sent3
385 1144 475 1200 hostis
495 1142 638 1210 omnibus,
656 1141 705 1215 qui
724 1142 955 1208 acclamassent3
976 1140 1087 1197 exarsit
1099 1140 1150 1197 ira·

281 1242 389 1301 cundia
403 1258 438 1299 ac
452 1242 610 1299 stomacho.
651 1240 861 1295 Verumtamen
870 1238 925 1295 suit
938 1245 998 1296 tum
1012 1239 1056 1295 sui
1070 1238 1151 1295 dissi·

282 1341 369 1400 milis.
391 1342 482 1399 nosbs
492 1358 525 1397 os
539 1339 674 1406 bominis,
686 1340 776 1396 nostis
790 1338 957 1393 audaciam:
978 1342 1076 1393 tamen
1089 1342 1151 1393 tum

282 1458 395 1497 rumore
409 1442 516 1513 populi,
529 1445 559 1495 et
573 1441 709 1505 clamore,
722 1442 753 1493 et
772 1436 848 1492 furto
868 1434 1023 1493 manifesto
1036 1436 1151 1509 grandis

281 1538 425 1609 pecuniae
444 1539 625 1608 perturbatus
646 1543 701 1592 est.
743 1535 803 1591 Ubi
825 1552 856 1590 se
870 1534 1000 1607 collegit,
1014 1541 1104 1590 vocat
1116 1534 1152 1591 ad

280 1650 314 1691 se
330 1635 548 1706 Syracusanos:
570 1633 637 1706 quia
650 1650 709 1688 non
734 1638 832 1705 posset
855 1648 958 1705 negare
980 1634 1017 1687 ab
1032 1633 1092 1689 illis
1106 1638 1151 1705 pel

281 1731 399 1789 cuniam
413 1731 528 1798 datam;
551 1748 609 1786 non
623 1730 770 1804 quaesivit
783 1732 881 1803 procul
896 1729 1033 1787 alicunde
1047 1727 1150 1808 (neque

282 1830 362 1887 enim
381 1827 526 1906 probaret)
539 1831 591 1886 sed
612 1829 785 1902 proximum,
799 1845 893 1902 paene
907 1830 1030 1886 altemm
1054 1831 1150 1897 fillum,

283 1947 367 2005 quem
381 1930 462 1986 illam
484 1929 639 2001 pecuniam
660 1929 772 1985 diceret
795 1928 958 1984 abstulisse.
978 1930 1107 1987 ostendit
1119 1944 1149 1985 sa

282 2029 402 2085 reddere
416 2034 591 2085 coacturum.
634 2026 693 2098 Qui
715 2037 900 2100 posteaquam
913 2026 944 2084 id
969 2028 1091 2095 audivit,
1103 2028 1149 2084 ba·

200 2114 201 2117 ¹
282 2125 345 2181 buit
357 2125 517 2196 dignitatis,
529 2130 559 2179 et
574 2126 688 2194 aetatis,
702 2130 732 2181 et
748 2125 908 2182 nobilitatis
920 2143 991 2182 suae
1002 2126 1146 2183 rationem.

282 2223 373 2279 verba
386 2224 461 2293 apud
485 2228 617 2279 senatum
640 2223 729 2279 lecit:
750 2223 857 2290 docuit,
871 2225 907 2280 ad
922 2242 955 2281 se
969 2225 1044 2281 nihil
1067 2222 1147 2297 perti·

282 2339 361 2379 nere.
382 2322 419 2378 de
441 2322 507 2388 islo,
526 2320 566 2388 id,
585 2322 660 2396 quod
682 2340 783 2379 omnes
809 2323 958 2391 videbant,
986 2342 1079 2398 neque
1099 2323 1146 2380 ille

282 2420 398 2496 quidem
423 2423 553 2488 obscure,
576 2422 688 2478 locutus
709 2426 763 2476 est.
784 2421 880 2495 itaque
904 2422 950 2478 illi
973 2419 1147 2495 syracusani

280 2525 404 2576 statuam
425 2527 525 2592 postea
546 2524 724 2576 statuerunt:
745 2524 775 2574 et
788 2520 822 2585 is,
842 2520 892 2575 ubi
912 2522 1037 2592 primurn
1050 2519 1146 2594 potuit,

281 2616 368 2671 istum
383 2618 506 2691 reliquit,
519 2616 584 2674 ⁵⁵de
599 2617 807 2690 provinciaque
820 2618 956 2675 decessit.
1000 2621 1039 2677 Et
1053 2627 1145 2677 tamen

280 2714 362 2787 ajunt
385 2732 451 2772 eum
472 2715 552 2790 queri
577 2719 673 2772 solere
704 2733 928 2790 nonnumquam,
949 2735 982 2774 se
1008 2719 1145 2783 miserum,

281 2817 355 2888 quod
371 2834 429 2873 non
440 2816 507 2883 suis,
521 2817 572 2871 sed
587 2833 701 2872 suorum
717 2817 845 2888 peccatis
859 2821 889 2871 et
903 2817 1074 2873 criminibus
1087 2831 1144 2889 prc-

280 2920 382 2971 matur.
412 2914 586 2971 Triennium
598 2913 779 2986 provinciam
792 2913 960 2970 obtinuisti:
975 2917 1143 2988 generelm·

279 3014 325 3064 tus
339 3012 508 3068 adolescens
522 3030 610 3069 unum
634 3029 741 3069 aunum
756 3018 852 3068 tecum
862 3012 933 3067 suit:
954 3015 1080 3080 sodales,
1092 3009 1143 3068 vul

278 3105 374 3171 sortes,
389 3107 477 3177 legati
502 3108 543 3163 tui
565 3110 658 3179 primo
671 3128 749 3167 anno
763 3116 792 3166 te
806 3111 1004 3183 reliquerunt:
1025 3128 1097 3167 unus
1110 3111 1143 3165 lc·

278 3206 361 3278 gatus
375 3201 408 3258 P.
427 3202 549 3269 Tadius,
571 3206 619 3278 qui
643 3214 706 3264 erat
727 3207 860 3282 reliquus,
879 3226 939 3265 non
963 3208 1007 3264 ita
1028 3210 1142 3265 multum

278 3306 376 3359 tecum
389 3300 459 3357 suit:
479 3301 566 3376 quisi
587 3321 701 3377 semper
722 3324 780 3362 nna
802 3307 912 3373 inisset,
927 3311 1026 3364 tamen
1040 3321 1142 3365 summa

278 3418 348 3459 cura
360 3406 420 3456 tum
432 3407 506 3466 tuae,
519 3406 581 3457 tum
595 3405 687 3458 multo
699 3403 789 3460 etiam
803 3405 893 3477 magis
907 3422 977 3461 suae
993 3406 1087 3462 lamae
1100 3421 1140 3478 pe·

278 3499 426 3575 percisset.
468 3499 546 3570 Quid
560 3506 613 3568 est,
627 3503 702 3573 quud
718 3507 747 3558 tu
762 3502 836 3558 alios
850 3501 996 3562 accuses?
1015 3504 1086 3580 quid
1097 3504 1142 3566 ab

308 3655 330 3688 ⁵⁵
344 3656 371 3701 da
378 3653 535 3712 prmaeiuque
542 3653 658 3760 munifi
678 3656 715 3701 Sic
724 3656 775 3702 edd.
787 3671 821 3717 pr.
833 3656 885 3702 ald.
897 3656 922 3703 Ρ.
933 3658 1028 3705 Manui.
1040 3657 1142 3712 1⁴5⁰,ae

280 3726 325 3759 non
336 3713 438 3769 eluendi,
455 3713 514 3775 quod
523 3710 626 3773 placebat
659 3719 780 3759 otomnnno
797 3721 823 3760 et
840 3715 948 3762 Graevio.
981 3716 1076 3766 Fefellit
1093 3713 1146 3765 ubst.

279 3770 418 3833 doctoqlalsa
425 3772 534 3836 opiniade
541 3785 582 3819 usu
591 3771 653 3820 verbi
661 3773 769 3820 duodus.
781 3788 803 3821 v.
811 3773 877 3823 clav.
886 3773 910 3821 iu
919 3776 943 3822 h.
954 3789 980 3826 v„
