2700 4675
416 554 488 604 scr.
505 554 535 603 rr.
550 554 647 605 mann
660 555 836 606 secunnus.
990 563 1054 625 359

186 701 239 758 sed
251 702 342 759 multo
355 701 443 761 etiam
457 703 528 761 iilud
544 706 646 778 magis,
662 704 767 779 ⁸²quod
781 704 865 761 simut
879 704 1055 761 demonstra·

189 802 251 856 tum
280 806 334 868 est,
361 810 498 876 quantum
520 804 618 860 odium
640 804 722 861 inte
743 808 894 872 aratorum,
918 810 1056 878 quantum

189 898 319 957 omnium
339 900 502 958 Siculorum
515 902 553 957 sit
566 906 596 957 et
609 902 706 959 suerit.
748 904 784 960 ln
797 920 853 977 quo
870 920 944 976 quae
958 907 1056 959 vestra

191 996 321 1054 defensio
332 998 426 1055 sutura
439 1000 486 1067 sit,
499 1002 667 1074 conjectura
681 1001 794 1075 assequi
808 976 866 1057 niro
877 1018 959 1075 queo.
980 1001 1057 1058 Ode·

189 1102 256 1152 runt
268 1096 376 1153 Siculi:
392 1103 551 1170 togatorum
562 1098 640 1155 enim
654 1099 744 1156 causti
757 1101 846 1156 multa
859 1100 925 1155 teci.
968 1100 1011 1156 At
1025 1098 1056 1155 hi

189 1192 306 1267 quidem
320 1196 452 1251 acerrimi
474 1196 723 1272 inimicissimique
737 1203 812 1254 sunt.
854 1197 992 1254 lnimioos
1007 1198 1056 1254 ha·

189 1292 246 1349 beo
258 1291 341 1347 cives
356 1293 510 1361 Romanos,
524 1297 599 1368 quod
615 1296 759 1353 sociorum
771 1296 922 1350 commoda
935 1312 970 1349 ac
988 1295 1056 1364 jura

189 1390 316 1447 defendi.
352 1392 395 1448 At
404 1391 477 1448 socii
488 1392 518 1449 in
530 1393 654 1449 hostiurn
669 1408 787 1447 numero
799 1409 831 1446 se
839 1393 890 1446 abs
901 1373 1056 1456 tehabitos¹

190 1493 353 1560 queruntur.
396 1491 533 1545 Aratores
553 1488 665 1545 inimici
690 1495 756 1544 sunt
780 1493 894 1561 propter
908 1490 1054 1546 decumas.

152 1580 154 1584 ’
192 1582 346 1659 Quirltqui
355 1603 436 1659 agros
446 1587 587 1643 immunes
597 1584 1056 1661 liberosquearantmuroderunt?

191 1682 456 1741 ourHatesiniicur
466 1684 668 1760 Centuripini?
678 1703 729 1743 cur
741 1684 1056 1760 Segestaniicuriiali·
1074 1737 1079 1745 ,

191 1779 326 1839 cieuses?
339 1784 412 1857 quod
428 1802 518 1856 genus
533 1785 691 1852 hominum,
705 1803 788 1859 quem
800 1803 957 1852 numerum,
970 1804 1056 1856 quem

159 1910 162 1914 ·
189 1879 320 1936 ordinem
334 1881 456 1951 proferre
469 1882 567 1953 possis,
581 1883 670 1954 quite
688 1901 746 1937 non
756 1883 859 1946 oderit,
872 1883 936 1936 sive
945 1883 1056 1938 civium

192 1976 394 2045 Romanorum,
408 1978 472 2034 sive
493 1976 678 2035 Siculorum?
694 1984 725 2035 ut
739 1978 852 2034 etiamsi
865 1994 991 2044 eausam,
1004 1994 1057 2035 cur

192 2078 222 2131 te
235 2076 357 2143 oderint,
373 2095 431 2132 non
446 2075 551 2149 possim
573 2076 679 2143 dicere,
698 2081 795 2132 tumen
809 2076 879 2132 illud
900 2076 1056 2134 dicendum

192 2178 308 2246 putem:
322 2192 401 2250 quern
415 2192 506 2231 manes
519 2173 649 2231 mutatas
662 2172 777 2242 oderint,
787 2191 848 2230 eum
866 2192 971 2251 quoqne
979 2174 1056 2233 uobis

192 2270 254 2328 odio
275 2290 333 2329 esse
352 2281 481 2350 oportere.
524 2276 574 2333 An
588 2276 643 2332 hoc
657 2275 755 2331 dicere
776 2274 912 2345 audebis;
932 2272 952 2303 ⁸³
963 2280 1055 2331 utrum

140 2432 142 2436 Α
191 2372 229 2427 de
250 2377 279 2428 te
301 2379 435 2440 anatome,
455 2382 546 2431 utrum
570 2375 695 2446 denique
719 2373 812 2431 Sicuti
834 2373 961 2427 universi
980 2375 1054 2428 bene

192 2469 369 2535 existiment,
388 2475 436 2525 aut
455 2488 511 2544 qno
526 2470 610 2524 modo
628 2469 806 2535 existiment,
825 2469 862 2522 ad
879 2485 938 2523 rem
952 2467 982 2523 id
996 2485 1056 2525 non

192 2562 357 2639 pertinere?
379 2566 480 2638 Neque
502 2572 533 2621 tu
557 2566 613 2622 hoc
635 2566 733 2621 dicere
749 2564 882 2621 audebis:
905 2582 1008 2638 neque,
1029 2564 1055 2622 si

192 2661 302 2734 cupias,
314 2660 422 2717 iicebit.
464 2663 599 2734 Eripiunt
612 2663 690 2719 enim
703 2661 756 2719 tibi
768 2660 788 2692 ⁸⁴
797 2662 881 2718 istam
894 2663 1056 2720 orationem

193 2759 469 2819 contemnendorum
491 2760 653 2816 Siculorum
672 2764 758 2834 atque
782 2765 923 2816 aratorum
943 2765 1055 2816 statuae

194 2860 263 2915 illae
284 2863 438 2931 equestres,
460 2863 573 2931 questu
594 2859 691 2931 pantio
707 2861 784 2920 ante,
803 2873 887 2929 quam
901 2860 938 2913 ad
957 2859 1055 2915 urbem

196 2958 320 3026 venires,
339 2957 408 3032 poni
420 2955 723 3044 inscribiquejussisti,
744 2961 775 3011 ut
788 2953 916 3010 omnium
934 2953 1055 3010 ³⁵iuimi·

196 3094 201 3100 ²
225 3113 248 3145 ⁸²
262 3129 281 3172 q.
292 3113 360 3160 amul
377 3113 547 3159 demonstratum
562 3110 609 3172 ert]
627 3125 668 3171 pro
683 3108 775 3168 vulgato
789 3107 982 3155 demomtrondum
998 3112 1057 3156 erte

195 3171 254 3218 Mss.
265 3173 337 3232 recepi
348 3188 396 3218 cum
411 3172 515 3218 Graevio.

225 3250 247 3281 ⁸³
260 3254 338 3296 utrum
347 3277 357 3284 -
371 3278 379 3286 ·
392 3250 448 3308 aut]
480 3249 632 3295 Hotomannus
646 3252 712 3310 putat
725 3263 756 3295 on
769 3248 853 3301 deesse,
870 3221 1010 3307 corrigitque,
1026 3261 1058 3294 oo

196 3309 257 3411 pnsqppt
262 3309 390 3354 aestimant.
422 3308 525 3353 Frustra:
541 3322 572 3353 on
581 3309 637 3352 male
647 3309 709 3354 erist.
724 3309 781 3353 latet
790 3306 812 3352 in
821 3310 861 3352 out
873 3307 975 3365 mensorio
984 3305 1058 3351 existi

226 3444 247 3474 ⁸⁴
261 3444 325 3490 istam
340 3461 371 3492 or.
389 3443 593 3492 contemnendorum
601 3443 682 3504 Sicut]
714 3444 785 3492 Aldus
799 3443 857 3504 Nep.
869 3443 939 3492 edidit
953 3457 994 3504 pro
1001 3445 1055 3487 cont.

196 3499 240 3546 Sic.
251 3504 413 3559 negatum-em
422 3504 465 3550 Sic.
476 3504 533 3564 quod
544 3502 566 3547 in
577 3503 623 3549 Ms.
635 3519 658 3548 se
668 3503 775 3572 reperisse
784 3503 844 3548 dixit
858 3503 963 3548 Vrsinus:
981 3515 1021 3546 nec
1030 3513 1058 3546 es

195 3559 479 3621 lectiodisplicetGrutero.
496 3560 1056 3665 Gruterusveroetrnmsuspicatur,tourmlroccont.

195 3617 219 3662 S.
228 3633 247 3662 o.
258 3634 285 3662 or
297 3621 472 3667 esseinsititium.
491 3622 559 3666 Immo
566 3620 768 3681 genusexquisitum
783 3620 885 3680 oquendi,
893 3622 961 3662 orotw
967 3620 1060 3661 contem

195 3677 320 3723 memsam
328 3679 351 3724 S.
358 3694 403 3725 non
413 3680 464 3725 sinit
474 3681 560 3740 trocpro
569 3680 641 3737 glossa
649 3687 672 3724 et
694 3694 752 3725 anno
759 3680 838 3724 adsuto
847 3676 956 3722 aiibmrio
963 3675 1056 3742 habere:

194 3739 220 3779 et
229 3739 288 3790 ante,
306 3735 343 3781 ubi
360 3739 488 3784 contemtim
498 3739 526 3784 de
536 3739 666 3785 adversariis
679 3694 716 3785 ἱὶε
726 3738 831 3800 loquitur,
842 3736 920 3781 eodem
930 3734 995 3779 modo
1009 3746 1059 3789 Jun-

195 3797 276 3851 guntur
286 3799 385 3842 aratores
395 3802 419 3841 et
429 3796 503 3842 siculi.

221 3868 243 3904 ⁸⁸
256 3871 509 3936 usimiwnsmcrriraorq
531 3875 677 3925 Restiurimus
687 3874 800 3936 antiquam
809 3876 834 3920 et
843 3885 918 3918 reram
927 3869 1056 3918 lectionem
