2700 4675
534 605 801 661 ruoccuruuro.
1086 602 1106 673 '⁵

158 778 160 783 ¹
235 760 283 813 est
293 754 456 824 defendere,
470 755 623 829 cupiditati
636 755 754 814 alterius
767 755 975 827 obtemperare,
996 770 1053 829 quo
1080 754 1106 812 is

235 853 359 922 facilius,
372 872 457 928 quem
471 854 554 921 velit,
572 853 672 928 iniquo
686 852 801 925 judicio
820 851 981 925 opprimere
1001 853 1101 928 possit.

237 951 394 1026 Numquid
407 954 464 1008 hoc
477 950 611 1025 iniquius,
624 955 674 1007 aut
684 949 840 1026 indignius,
855 950 890 1008 C.
902 951 1024 1025 Aquilli,
1033 951 1103 1020 dici,

236 1054 287 1107 aut
299 1049 517 1107 commemorari
527 1053 629 1123 potest,
643 1066 728 1124 quam
741 1067 798 1117 me,
811 1049 861 1125 qui
874 1054 961 1122 caput
976 1049 1104 1119 alterius,

238 1148 353 1217 famam,
367 1148 548 1223 fortunasque
561 1148 725 1217 defendam,
739 1149 832 1222 priore
850 1150 918 1206 loco
931 1166 1049 1207 cansam
1061 1150 1103 1207 di·
1137 1128 1142 1136 ”

236 1264 320 1305 cere:
335 1264 402 1305 cum
426 1246 593 1321 praesertim
615 1248 653 1320 Q.
668 1248 851 1316 Hortensius,
864 1247 913 1323 qui
926 1247 982 1305 hoc
989 1247 1104 1320 judicio

170 1383 176 1403 .
236 1351 330 1420 partes
345 1345 519 1405 accmatoris
532 1346 654 1414 obtinet,
664 1351 767 1404 contra
779 1364 827 1403 me
841 1346 879 1403 sit
892 1346 1034 1417 dicturus3
1055 1329 1104 1405 cui

236 1463 376 1504 summam
389 1445 504 1520 copiam
517 1445 740 1520 facultatemque
753 1444 872 1502 dicendi
886 1450 987 1503 natura
1000 1445 1104 1519 largita

235 1542 303 1602 esti
333 1543 380 1603 lta
393 1546 434 1613 fit,
448 1550 479 1603 ut
492 1562 557 1618 ego,
570 1543 618 1619 qui
642 1546 703 1600 tela
723 1545 869 1618 depellere
890 1547 921 1600 et
936 1542 1102 1601 vulneribus

235 1644 345 1701 mederi
358 1645 488 1711 debeam,
503 1649 563 1702 tum
574 1642 604 1700 id
618 1644 714 1701 facere
728 1661 824 1717 cogar,
837 1660 905 1701 cum
918 1642 1008 1700 etiam
1032 1641 1052 1674 ¹⁴
1061 1648 1102 1702 te·

234 1743 294 1799 lum
308 1744 488 1801 adversarius
500 1744 610 1800 nullum
616 1742 741 1815 jecerit:
762 1742 821 1799 illis
835 1742 975 1800 autemid
989 1747 1101 1816 tempus

234 1840 424 1916 impugnandi
437 1844 528 1909 detur,
543 1859 609 1899 cum
620 1846 651 1897 et
659 1841 774 1898 vitandi
787 1841 902 1897 illorum
915 1840 1039 1913 impetus
1052 1860 1101 1914 po·

235 1944 323 1997 testas
337 1942 471 2013 adempta
484 1939 568 1998 nobis
583 1939 652 2009 erit,
674 1943 714 2006 et,
733 1937 834 2013 siqua
857 1938 888 1994 in
911 1957 951 2005 re,
973 1940 1004 1995 id
1025 1942 1101 2014 quod

232 2038 326 2110 parati
339 2043 406 2095 sunt
419 2038 524 2105 iacere,
542 2034 563 2068 ¹⁵
575 2037 677 2094 falsum
691 2035 801 2094 crimen
821 2036 903 2111 quasi
922 2025 1100 2097 venenatum

233 2134 348 2211 aliquod
361 2136 592 2209 telumjeceriut,
605 2135 769 2193 medicinae
783 2134 934 2193 faciendae
945 2138 1025 2193 locus
1039 2155 1099 2196 non

231 2235 295 2293 erit.
337 2235 372 2293 ld
386 2235 495 2294 accidit
515 2234 653 2310 praetoris
674 2234 831 2310 iniquitate¹
851 2240 880 2292 et
893 2234 1017 2309 injuria:
1042 2238 1098 2311 pri·

231 2354 308 2394 mum
321 2338 395 2412 quod
414 2340 517 2394 contra
535 2335 668 2394 omnium·
686 2333 934 2403 consuetudinem,
951 2334 1097 2408 judicium

229 2436 307 2512 prius
331 2435 368 2492 de
392 2438 504 2508 probro,
527 2452 612 2510 quam
636 2434 673 2489 de
694 2450 734 2500 re,
756 2432 859 2488 maluit
879 2432 960 2488 lieri:
981 2433 1096 2500 deinde,

229 2539 304 2613 quod
317 2537 360 2593 ita
368 2535 518 2593 constituit
525 2534 650 2606 idipsum
657 2530 811 2602 judicium,
819 2533 850 2586 ut
858 2547 932 2597 reus,
942 2535 1097 2605 antequam

230 2638 351 2693 verbum
370 2629 545 2690 accusatoris
566 2628 703 2696 audisset,
724 2644 842 2684 causam
861 2627 959 2685 dicere
980 2644 1096 2703 cogere

230 2739 289 2804 tur;
311 2733 386 2808 quod
400 2746 497 2788 eorum
510 2728 602 2804 gratia
626 2732 657 2784 et
680 2726 811 2802 potentia
830 2726 938 2784 factum
960 2732 1014 2795 est,
1037 2728 1095 2805 qui,

229 2832 311 2908 quasi
330 2849 381 2889 suu
402 2848 448 2887 res
462 2833 510 2887 aut
534 2829 626 2885 honos
650 2832 759 2901 agatur,
779 2825 820 2882 ita
843 2825 998 2900 diligenter
1023 2829 1093 2885 Sex.
1149 2844 1154 2850 ·

228 2932 257 2989 N
260 2930 339 2989 aevii
352 2928 446 2987 studio
460 2932 490 2985 et
503 2921 656 3001 cupiditati
670 2926 778 2983 morem
792 2930 912 2998 gerunt:
933 2925 1007 2982 etin
1022 2925 1094 3000 ejus·

227 3030 305 3089 modi
319 3032 402 3088 rebus
420 3046 489 3101 opes
503 3044 568 3083 suas
579 3025 775 3098 experiuntur,
789 3023 820 3080 in
835 3023 946 3098 quibus,
959 3043 1016 3099 quo
1028 3028 1093 3099 plus

226 3134 341 3204 propter
362 3127 498 3185 virtutem
511 3123 748 3198 nobilitatemquc
776 3128 905 3196 possunt,
927 3140 963 3179 eo
988 3121 1091 3194 minus,

226 3233 364 3300 quantum
389 3224 509 3300 possint,
529 3225 638 3280 debent
664 3222 826 3278 ostendere.
867 3221 942 3279 Cum
965 3225 1008 3279 tot
1029 3229 1091 3281 tan·

257 3387 277 3420 ¹⁴
292 3392 307 3434 t.
315 3388 438 3448 ajeesritq
455 3384 498 3433 Ed.
506 3385 535 3431 R.
546 3384 583 3428 W.
591 3384 617 3430 B.
629 3387 653 3429 et
662 3383 720 3430 aliae
729 3387 784 3428 vett.
796 3382 849 3428 item
857 3382 914 3429 Mss.
923 3383 996 3452 plures
1004 3385 1088 3443 lego-it.

226 3446 286 3507 quod
295 3447 354 3493 male
370 3446 470 3493 nonnulli
486 3444 638 3499 defenderunt,
655 3446 680 3489 ut
697 3442 835 3487 demonstrat
844 3440 963 3488 Victonus.
983 3443 1089 3490 Ceterum

226 3503 351 3550 consecutio
359 3504 463 3550 orationis
472 3503 570 3565 postulat
574 3501 630 3559 jeo't
640 3520 647 3546 .·
662 3514 713 3546 cum
721 3500 862 3547 adversarius
871 3501 963 3547 nudum
971 3503 1041 3547 telum
1054 3502 1090 3560 je-

225 3564 256 3614 cit
264 3588 274 3598 -
282 3589 292 3598 ·
303 3577 353 3608 cum
362 3589 371 3598 -
380 3588 385 3598 ·
396 3567 485 3619 potestus
494 3561 556 3608 nodis
564 3561 650 3606 acam
659 3559 709 3605 crit
740 3558 850 3607 Videntur
859 3559 945 3606 librarii
954 3560 985 3606 sic
994 3559 1088 3617 deduce,

224 3622 277 3685 quia
285 3625 337 3684 post
345 3620 376 3668 sic
384 3627 425 3667 est.

252 3703 371 3759 1⁵folsaun
386 3699 476 3754 emmas,
487 3697 557 3768 mma]
581 3710 624 3758 pro
642 3695 715 3754 glossa
732 3684 797 3743 delet
813 3696 948 3744 Lambinus:
974 3696 1090 3752 eleganter-

222 3776 287 3808 sane:
303 3759 419 3816 namsulso
429 3757 521 3804 animani
530 3770 574 3802 non
582 3755 701 3815 respondet
708 3755 925 3812 medidmmfuccrc,
936 3755 975 3800 sed
984 3758 1088 3799 oencmto

222 3822 270 3876 ao,
287 3824 365 3880 estque
373 3818 434 3865 locus
443 3820 504 3863 totus
512 3814 651 3873 allegoricus.
683 3813 728 3861 Hic
741 3829 829 3880 quoque
839 3815 934 3871 legem
943 3812 1035 3858 edd-R.
1048 3812 1085 3858 W.

222 3879 249 3926 B.
259 3884 302 3925 etc.

261 3977 330 4018 voc.
352 3977 393 4016 ιν.
671 3957 690 4008 3
710 3951 729 3986 ³*
