2700 4675
264 543 307 603 94
636 541 762 592 ORATIO

264 706 302 748 ao
315 687 356 746 v.
371 687 494 747 Roscius
507 705 567 746 non
585 692 713 763 paullum
730 689 835 749 nescio
848 691 922 768 quid
938 695 973 755 in
996 715 1058 756 rem
1071 713 1136 758 suan

264 789 419 855 convertit,
432 787 485 844 aed
503 788 580 846 hunc
600 789 726 846 funditus
747 791 858 849 evertit
872 793 986 852 bonis:
1010 797 1073 872 ipse
1092 798 1134 855 trit

264 888 383 962 praedia
395 888 451 944 ribi
465 888 602 960 depactus
617 893 676 946 est:
697 891 882 948 voluntatem
896 893 1094 954 decurionum
1108 912 1136 953 aa

266 985 442 1057 municipum
471 986 600 1043 omnium
625 988 776 1056 tantidem,
802 991 909 1063 quanti
940 994 1034 1061 tidem
1061 1011 1137 1066 cuam,

213 1159 256 1218 40
267 1090 417 1226 feciiidete
435 1168 498 1240 jam
519 1183 603 1240 porro
627 1172 734 1235 cetera,
750 1167 877 1240 judicer,
900 1174 940 1228 ut
965 1171 1137 1248 intelligatis,

267 1269 337 1344 tingi
352 1267 526 1326 maleficium
540 1269 649 1324 nullum
663 1283 756 1339 pocae,
770 1282 827 1339 quo
846 1265 906 1323 iate
923 1285 994 1327 aeae
1010 1289 1072 1329 nou
1084 1288 1139 1329 con

268 1368 426 1427 taminarit.
467 1369 503 1424 ln
516 1368 600 1423 rebus
613 1364 771 1422 minoribus
784 1363 899 1422 socium
915 1367 1037 1438 fallere,
1054 1369 1141 1444 turpia·

269 1470 373 1527 aimum
386 1473 439 1535 eat,
460 1483 607 1540 aequeque
620 1469 712 1537 turpe,
732 1467 818 1539 atque
837 1461 925 1531 iliud,
948 1467 989 1523 de
1010 1487 1070 1543 quo
1086 1471 1142 1526 ante

268 1567 342 1624 dixi.
364 1583 458 1640 neque
471 1564 593 1637 injuria:
609 1568 760 1637 propterea
783 1564 859 1639 quod
877 1563 1033 1626 auxilium
1047 1569 1102 1627 eibi
1118 1583 1144 1625 ac

268 1668 351 1739 putat
372 1662 548 1737 adjunxisse,
568 1661 697 1736 quicum
714 1664 805 1718 altero
826 1679 888 1719 rem
904 1667 1143 1726 communicavit

271 1764 322 1822 Ad
336 1760 416 1835 cujus
437 1761 523 1836 igitur
541 1760 628 1818 fidem
644 1760 802 1834 confugiet,
823 1776 892 1819 cum
913 1781 971 1836 per
985 1767 1054 1840 ejur
1072 1768 1147 1825 fidem

271 1862 402 1929 laeditur,
413 1861 461 1919 cui
472 1856 712 1919 secommiserit?
734 1859 825 1932 Atqui
839 1867 960 1920 easunt
970 1855 1147 1924 animadver-

271 1964 362 2021 tenda
381 1971 503 2036 peccata
521 1961 658 2028 maxime,
681 1976 754 2033 quae
774 1958 952 2019 difficillime
973 1981 1149 2037 praecaven-

271 2065 326 2117 tur.
369 2061 459 2117 'l'eoti
482 2078 545 2117 esse
562 2061 600 2115 ad
614 2059 725 2115 aiienoa
746 2075 915 2131 possumus:
941 2061 1049 2122 intimi
1070 2066 1148 2123 muita

272 2158 415 2228 apertiora
432 2159 561 2224 videant,
584 2174 705 2213 necesse
730 2162 783 2213 est.
806 2157 920 2215 socium
947 2178 1027 2221 vero
1051 2179 1147 2223 cavam

273 2253 322 2327 qui
332 2251 502 2326 possumus?
522 2271 609 2328 quern
621 2254 736 2311 etiamsi
749 2256 915 2325 metuimus,
924 2259 977 2332 Jua
992 2264 1089 2322 officii
1099 2265 1149 2321 lae·

273 2353 375 2411 dimus.
418 2355 511 2412 Recte
531 2353 618 2429 igitru
636 2355 759 2429 majores
773 2374 849 2424 eum,
869 2357 1061 2430 quinceium
1081 2362 1149 2421 fefel-

272 2453 363 2523 iisset,
393 2453 425 2512 iu
450 2455 576 2516 virorum
603 2457 742 2513 bonorum
773 2462 892 2515 nutriero
924 2476 990 2517 non
1024 2463 1151 2536 putarunt

274 2554 375 2613 haberi
388 2560 529 2628 oportere
573 2555 615 2611 At
630 2572 701 2611 vero
722 2554 762 2611 Τ.
782 2554 907 2611 Roscius
923 2575 987 2615 non
1003 2578 1097 2620 unum
1114 2556 1149 2618 rd

275 2653 460 2727 pecuniariae
480 2654 591 2710 socium
605 2653 717 2721 fefellit,
740 2649 838 2728 (quod,
853 2656 976 2714 tametsi
1000 2678 1096 2734 grave
1108 2662 1154 2725 et,

275 2756 374 2808 tamen
389 2751 484 2826 aliquo
498 2754 583 2809 modo
596 2770 680 2824 posse
691 2751 758 2809 ferri
772 2749 911 2829 videtur‚)
923 2773 1035 2817 verum
1052 2770 1148 2819 nove!

276 2850 408 2910 homines
426 2851 653 2918 honestissimos,
674 2851 802 2921 ejusdcm
825 2853 966 2923 muneris,
989 2854 1148 2933 legationis

276 2952 373 3020 officii,
387 2953 641 3022 mandatorumque
655 2950 760 3016 socios,
774 2949 899 3016 induxit,
919 2950 1059 3030 decepit,
1071 2952 1146 3014 deaii

277 3048 341 3114 tuit,
375 3047 548 3105 adversariis
576 3046 702 3115 tradidit,
736 3049 816 3103 omni
847 3048 951 3104 fraude
975 3058 1012 3111 et
1040 3050 1147 3129 perfidh

277 3144 391 3202 teretur.
427 3144 484 3216 Qui
498 3146 534 3200 de
546 3144 607 3217 ejus
617 3148 728 3203 scelere
743 3144 884 3219 suspicari
896 3146 973 3205 nihii
990 3152 1146 3224 potnerunt,

279 3242 390 3300 socium
403 3243 491 3300 officii
506 3248 633 3301 metuere
653 3263 712 3301 non
726 3245 902 3302 debuerunt:
926 3246 993 3320 ejus
1016 3250 1146 3309 malitiam

278 3359 339 3401 non
367 3339 510 3410 viderunt,
537 3342 661 3401 orationi
690 3361 784 3401 vanae
812 3341 1013 3404 crediderunt.
1058 3350 1145 3423 itaqu·
1186 3394 1187 3423 ,

280 3457 359 3501 nunc
372 3439 417 3496 illi
441 3440 571 3499 homines
586 3441 781 3500 honestissimi
801 3446 916 3514 propter
929 3442 1020 3504 istius
1035 3445 1144 3506 insidia·

280 3557 380 3617 parum
398 3543 532 3612 putantur
547 3541 625 3598 cauti
639 3540 810 3615 providique
823 3540 931 3597 fuisse:
953 3542 1025 3614 iate,
1042 3547 1091 3623 qui
1102 3541 1145 3603 id

281 3640 323 3698 tio
342 3638 469 3716 proditor
482 3638 544 3707 suit,
564 3640 669 3698 deinde
684 3641 810 3716 perfuga,
830 3638 879 3714 qui
898 3639 996 3712 primo
1015 3645 1145 3703 soeionu

281 3741 405 3802 consilia
432 3739 604 3798 adversariis
630 3741 809 3810 enunciavit,
842 3739 951 3800 deinde
983 3745 1146 3805 societatu
1186 3794 1187 3845 p
