2700 4675
522 563 787 619 raoncumrro.
1045 544 1087 629 25

219 713 395 781 'invenerim
413 718 567 789 quaerant3
587 718 619 771 et
627 712 871 789 quemadmodum
883 714 977 777 natus,
990 714 1022 767 et
1034 727 1089 784 quo

222 815 309 883 pacto
330 813 468 869 educatus
493 812 557 880 sim,
581 810 711 868 memini.
740 814 825 866 vetus
847 813 900 875 est,
921 808 967 865 De
990 824 1091 864 scurra

222 905 308 964 nardo
317 907 443 983 facilius
452 907 571 975 diuitem
584 923 669 983 prom
676 904 914 984 patremfamilias
920 903 992 984 fian
998 922 1089 981 posse.

224 1006 309 1065 Haec
322 1006 384 1074 ille,
397 1007 423 1064 si
436 1006 535 1064 verbis
549 1023 608 1063 non
623 1007 718 1074 audet,
732 1024 763 1062 re
776 1005 891 1081 quidem
912 1023 982 1062 vera
995 1006 1091 1078 palam

223 1104 357 1177 loquitur.
398 1104 517 1172 Etenim
529 1104 555 1161 si
569 1107 631 1162 vult
654 1103 781 1162 virorum
802 1106 941 1161 bonorum
958 1104 1092 1162 instituto

223 1201 336 1271 rivere,
350 1205 440 1261 multa
451 1208 565 1277 oportet
581 1203 685 1271 discat,
699 1207 785 1277 atque
805 1203 951 1261 dediscat:
972 1220 1091 1277 qnorum

224 1299 269 1357 illi
279 1301 368 1360 aetati
377 1307 526 1377 utrumque
537 1301 655 1359 difficile
666 1305 720 1358 est.
755 1293 1140 1377 Nondnbitavi,inquit,18

222 1413 288 1457 cum
312 1400 509 1460 vadimonium
531 1401 676 1457 desertum
698 1403 784 1467 esset,
805 1401 881 1456 bona
901 1400 1089 1472 proscribere.

223 1498 372 1571 Improbe:
393 1516 504 1566 verum,
524 1498 659 1572 quoniam
677 1502 709 1554 tu
727 1496 758 1553 id
776 1496 829 1554 tibi
842 1513 966 1571 arrogas,
980 1501 1011 1554 et
1023 1513 1091 1555 con·

220 1597 288 1656 cedi
308 1599 443 1671 postulas,
466 1598 669 1654 concedamus.
712 1594 790 1670 Quid
804 1596 829 1653 si
843 1614 997 1671 numquam
1010 1596 1090 1653 dese·

222 1693 299 1753 ruit?
318 1697 345 1753 si
355 1695 411 1754 ista
423 1713 512 1754 causa
525 1696 614 1752 abste
628 1701 690 1752 tota
703 1713 755 1769 per
766 1712 908 1753 summam
921 1696 1050 1753 fraudem
1060 1700 1091 1752 et

223 1794 364 1852 malitiam
376 1796 445 1852 licta
459 1800 505 1851 est
518 1791 530 1851 ‘t
550 1794 575 1851 si
589 1793 788 1858 vadimonium
807 1794 927 1852 omnino
950 1794 1004 1852 tibi
1023 1810 1091 1851 cum

222 1892 256 1949 P.
273 1893 398 1964 Quintio
411 1895 522 1951 nullum
535 1890 609 1950 luit?
637 1898 737 1966 quote
751 1893 869 1950 nomine
889 1888 1090 1965 appellemus?

223 1988 404 2063 improbum?
425 1995 454 2047 at
477 1989 592 2046 etiarnsi
614 1990 761 2069 desertum
784 1989 983 2046 vadimonium
1005 1995 1090 2058 esset,
1204 2020 1207 2025 .

224 2088 368 2145 tamenin
388 2088 445 2145 ista
457 2087 652 2161 postulatione
665 2091 697 2144 et
716 2086 926 2160 proscriptione
941 2088 1090 2155 bonorum,

223 2186 449 2261 improbissimus
473 2185 663 2260 reperiebare.
693 2203 762 2243 num
786 2183 984 2245 malitiosum?
1002 2184 1089 2245 ⁵³non

222 2302 322 2361 negas.
343 2283 576 2346 iraudulentum?
589 2285 653 2360 jam
673 2285 704 2343 id
718 2285 836 2361 quidem
854 2302 969 2362 arrogas
983 2286 1046 2355 tibi,
1059 2292 1090 2345 et

222 2388 402 2460 praeclarum
415 2390 507 2459 putas.
529 2381 691 2443 audacem?
709 2383 867 2458 cupidum?
885 2381 1090 2458 perfidiosum?

221 2483 353 2559 vulgaria
383 2489 413 2541 et
436 2484 568 2540 obsoleta
590 2478 680 2550 'sunt3
708 2498 754 2537 res
778 2486 876 2538 autem
903 2488 981 2538 nova
1005 2486 1090 2556 atque

221 2581 362 2639 inaudita.
403 2580 481 2652 Quid
501 2594 570 2651 ergo
583 2575 650 2634 est?
682 2594 784 2635 vereor
802 2579 976 2645 mehercule,
989 2596 1027 2635 ne
1041 2583 1090 2636 aut

223 2677 403 2752 gravioribus
417 2681 481 2734 utar
494 2675 601 2743 verbis,
614 2692 701 2751 quam
714 2681 816 2734 natura
830 2677 894 2745 lert,
906 2680 955 2734 aut
975 2677 1090 2735 leviori·

219 2765 285 2842 bus,
300 2793 384 2851 quam
398 2792 485 2833 causa
498 2775 632 2849 postulat.
675 2775 731 2833 Ais
751 2793 815 2833 esse
830 2776 1027 2834 vadimonium
1041 2778 1089 2834 de·

224 2879 340 2933 sertum.
393 2875 547 2946 Quaesivit
568 2892 586 2932 a
610 2879 639 2931 te
663 2873 771 2942 statim,
792 2878 824 2931 ut
851 2875 973 2933 Romam
995 2876 1088 2945 rediit,

224 2974 369 3048 Quintius,
381 2990 439 3050 quo
451 2973 500 3031 dia
513 2972 713 3032 vadimonium
726 2973 800 3030 istuc
815 2972 923 3030 lactum
935 2991 999 3030 esse
1012 2975 1090 3032 dice·

221 3055 276 3130 res.
304 3071 479 3148 respondisti
502 3072 609 3140 statim,
631 3071 728 3129 Nonis
753 3071 827 3129 Feb.
868 3071 1034 3131 Discedens
1057 3074 1089 3133 in

222 3172 390 3229 memoriam
410 3169 496 3228 rediit
510 3170 655 3243 Quintius,
669 3186 725 3244 quo
738 3169 787 3226 die
802 3170 895 3227 Roma
914 3170 945 3228 in
960 3172 1088 3230 Galliam

222 3270 365 3340 proiectus
386 3269 441 3334 sit,
454 3270 492 3326 ud
516 3268 731 3341 ephemeridem
752 3268 914 3326 revertitur.
939 3269 1088 3329 invenitur

226 3362 288 3421 dies
296 3367 490 3438 protectionis,
501 3365 573 3440 prid.
586 3364 652 3424 Kal.
664 3367 738 3424 Feb.
751 3368 779 3423 N
782 3368 847 3425 onis
857 3370 930 3427 Feb.
941 3370 967 3426 si
977 3371 1088 3428 Roman

224 3460 287 3529 luit,
301 3479 405 3521 musae
419 3465 461 3523 nil
475 3465 606 3532 dicimus,
620 3465 690 3539 quin
704 3464 758 3522 tibi
773 3466 969 3526 vadimonium
986 3470 1088 3542 promi·

251 3615 274 3648 ⁵³
288 3629 334 3663 acra
343 3627 371 3662 aa
412 3616 631 3673 .sraadaltntamil
648 3616 685 3664 Sic
698 3617 819 3666 Lambinus
833 3616 905 3666 edidit
920 3624 988 3666 reete.
1005 3632 1056 3666 nam
1066 3615 1089 3666 ts

221 3688 250 3722 eo
259 3679 293 3722 est
299 3675 360 3735 impu
376 3673 452 3720 entiae
461 3689 486 3720 re
500 3675 608 3730 rebensio,
617 3680 642 3721 ut
651 3676 719 3722 etiam
730 3677 831 3725 acerbior
840 3677 863 3724 in
872 3678 972 3739 sequenti
983 3678 1088 3723 membro.

222 3732 267 3780 Sed
277 3737 330 3779 ante
340 3732 371 3780 sic
382 3733 430 3790 jam
469 3732 475 3744 ’
493 3736 511 3778 rt
519 3733 595 3788 Junta,
606 3733 676 3796 elMs
688 3739 713 3781 ut
722 3735 808 3797 opinor,
819 3736 946 3783 colotiano.
979 3737 1057 3796 ltaque
1065 3736 1090 3781 st

223 3792 270 3852 ipse
279 3792 354 3853 recepi
363 3801 416 3850 stoa,
426 3791 486 3853 quod
494 3791 639 3850 vulgoabast.

208 3933 223 3943 ‚,
261 3890 332 3931 ron.
354 3891 396 3931 rr.
645 3876 662 3928 5
