2700 4675
248 591 309 648 148
544 577 822 632 ruocracrnruas

247 727 364 790 solnm?
384 747 462 788 non:
492 728 655 787 sedetiam
678 732 828 803 quaestore
852 726 1003 786 Caecilio.
1050 728 1125 802 Quid

248 827 359 904 igitur?
381 830 497 887 daturus
510 847 542 886 es
563 829 631 885 huic
645 826 768 893 crimini,
789 826 866 901 quod
880 831 910 882 et
925 826 1052 899 potuisti
1064 844 1123 901 pro·

248 927 358 994 hibere,
375 946 414 985 ue
427 929 517 993 fieret,
536 932 566 983 et
579 922 727 983 debuisti?
746 942 784 982 an
798 930 890 982 totum
904 924 938 982 id
952 921 1120 1001 relinques?

248 1028 327 1101 Ergo
339 1026 370 1082 id
379 1024 499 1083 omnino
512 1025 619 1081 Verres
628 1023 779 1095 injudicio
791 1040 843 1081 suo
851 1040 911 1082 non
920 1024 1034 1092 audiet,
1047 1024 1118 1098 qnod

248 1141 316 1181 cum
341 1122 476 1190 iaciebat,
494 1101 734 1197 quemadmodum
757 1122 928 1182 desenaunrs
950 1129 1041 1192 esset,
1064 1139 1117 1181 non

197 1223 235 1281 ll
249 1222 422 1296 reperiebat.
461 1225 559 1297 Atque
577 1238 634 1295 ego
650 1222 734 1288 haec,
758 1239 832 1295 quae
853 1220 887 1278 in
907 1222 1012 1280 medio
1029 1221 1117 1296 posita

250 1327 326 1390 sunt,
343 1339 546 1379 commemoro.
593 1322 668 1377 Sunt
691 1320 749 1377 alia
769 1319 861 1393 magis
881 1314 1005 1378 occulta
1031 1321 1115 1378 imis:

250 1439 324 1497 quae
348 1422 408 1489 iile,
435 1426 467 1478 ut
493 1420 584 1488 istius,
608 1421 705 1489 credo,
732 1419 844 1476 animos
870 1423 958 1493 atque
998 1419 1117 1493 impetro

248 1521 416 1587 retardaret,
427 1537 492 1576 cum
512 1525 661 1593 quaestore
675 1536 727 1574 suo
740 1517 950 1591 benignissime
963 1515 1120 1578 communi·

250 1617 338 1676 eavit.
381 1618 464 1673 Haec
478 1623 509 1673 tu
523 1618 580 1674 scis
594 1619 631 1673 ad
640 1635 687 1674 me
698 1634 762 1674 esse
775 1618 888 1675 delata:
904 1613 1018 1691 quaesi
1034 1619 1119 1676 velim

249 1716 384 1791 proferre,
398 1714 485 1773 facile
498 1732 598 1772 omnes
612 1715 788 1789 intelligent,
803 1715 886 1773 vobis
897 1715 979 1779 inter
992 1735 1047 1775 vos
1060 1733 1116 1774 non

250 1816 337 1872 modo
350 1817 530 1871 voluntatem
544 1813 631 1871 fuisse
655 1815 852 1887 conjunctam,
866 1816 918 1871 sed
933 1833 971 1873 ne
986 1817 1119 1890 praedam

251 1913 366 1989 quidem
381 1915 475 1972 adhuc
489 1932 552 1971 esse
566 1913 701 1970 divisam.
744 1914 927 1987 Quapropter
939 1912 961 1947 ¹⁷
970 1914 999 1971 si
1012 1914 1066 1972 tibi
1079 1915 1119 1972 in·

252 2014 360 2072 dicium
371 2017 498 2087 postulas
511 2014 581 2080 stari,
590 2014 664 2086 quod
678 2017 775 2068 tecum
783 2029 841 2069 una
855 2012 968 2082 iecerit,
983 2015 1120 2088 00an

251 2112 277 2167 si
290 2112 321 2166 id
336 2115 400 2183 lege
413 2112 594 2183 permittitur.
616 2110 661 2167 sin
675 2116 772 2167 autem
785 2112 822 2167 de
843 2111 1036 2171 accusatione
1053 2111 1119 2170 dici·

252 2224 332 2276 mus3
354 2210 499 2262 concedas
522 2213 635 2279 oportet
667 2209 714 2274 iis,
740 2211 789 2282 qui
817 2210 896 2266 nulio
924 2226 978 2266 suc
1002 2213 1122 2285 peccato

251 2305 453 2380 impediuntur,
467 2321 523 2380 quo
543 2305 637 2361 minus
652 2306 769 2364 alterius
782 2311 904 2380 peccata
925 2309 1123 2367 demonstrare

251 2405 372 2481 possint.
415 2405 462 2463 Ao
488 2405 566 2475 vide,
596 2410 733 2478 quantum
760 2405 963 2483 interfuturum
988 2408 1030 2465 sit
1050 2408 1121 2465 inter

251 2524 347 2564 meam
361 2511 445 2580 atque
460 2509 537 2561 tuam
550 2489 775 2561 accusationem.
817 2505 881 2577 Ego
893 2505 986 2562 etiam
1006 2523 1079 2582 quae
1091 2510 1120 2562 tu

253 2605 316 2660 sine
343 2605 436 2658 Verre
457 2602 636 2668 commisisti,
655 2601 743 2658 Verri
769 2602 884 2659 crimini
911 2604 1033 2662 daturum
1054 2620 1121 2672 sum,

253 2702 328 2776 quod
341 2705 371 2755 te
392 2717 451 2756 non
464 2698 649 2772 prohibuerit,
670 2718 737 2757 cum
758 2718 897 2757 summum
916 2701 981 2775 ipse
1007 2705 1123 2761 haberet

250 2804 441 2875 potestatem:
469 2804 499 2856 tu
514 2805 666 2856 contrane
680 2817 752 2872 quae
765 2798 816 2855 ille
830 2799 947 2872 quidem
961 2801 1037 2860 fecit
1055 2800 1122 2875 obji-

253 2900 323 2968 cies,
337 2918 375 2957 ne
388 2918 444 2975 qua
457 2918 495 2956 ex
511 2904 589 2974 parte
603 2898 774 2972 conjunctus
788 2914 854 2968 oum
868 2914 904 2953 eo
915 2900 1072 2972 reperiare.

294 3001 372 3071 Quid
395 3002 456 3067 illa,
479 2996 613 3057 Caecili?
636 2999 887 3057 contemnendane
910 2997 966 3054 tibi
992 3000 1125 3057 videntur

255 3115 328 3164 esse,
347 3097 409 3153 siue
433 3096 534 3169 quibus
556 3112 642 3152 causa
667 3096 810 3164 sustineri,
837 3096 1010 3168 praesertim
1037 3101 1124 3163 tanta,

256 3197 431 3253 nullomodo
444 3190 558 3266 potest?
582 3194 677 3268 aliqua
691 3196 811 3253 facultas
825 3192 954 3268 agendi?
973 3195 1073 3270 aliqua
1085 3194 1124 3252 di·

255 3292 343 3353 cendi
357 3289 553 3349 consuetudo?
576 3291 671 3366 aliqua
681 3294 712 3350 in
726 3294 795 3360 foro,
809 3291 940 3365 judiciis,
951 3294 1068 3367 legibus
1079 3296 1123 3350 aut
1204 3336 1206 3343 .

249 3394 338 3461 ratio,
349 3397 398 3449 aut
411 3388 603 3448 exercitatio?
627 3391 773 3464 Intelligo,
786 3408 871 3466 quam
885 3394 1045 3465 scopuloso
1057 3391 1125 3449 ciffi·
1203 3386 1205 3395 '

257 3495 364 3570 cilique
385 3491 416 3547 iu
439 3492 504 3545 loco
528 3507 634 3545 verser.
659 3507 728 3547 nam
750 3506 817 3547 cum
838 3487 933 3546 omnis
960 3490 1124 3566 arrogantia

257 3595 357 3657 odiosa
377 3593 430 3657 est,
451 3592 511 3645 tum
532 3587 582 3649 iila
604 3588 716 3660 ingenii
729 3593 814 3662 atque
836 3588 1025 3661 eloquentiae
1040 3590 1125 3649 multo

147 3732 193 3845 ἢ
287 3743 508 3816 ”piamine-licium
522 3740 665 3812 postiiidd.
676 3757 710 3803 pr.
726 3741 851 3811 judicium
861 3740 929 3798 male,
947 3744 973 3788 ut
983 3756 1054 3813 saepe
1064 3740 1127 3789 inhia

179 3848 189 3909 .·
259 3798 637 3911 ztir...¹'d.¹⁰.¹ti⁰.⁸bt²tif“
655 3804 717 3848 'm‘
731 3800 872 3862 ΜΨ
887 3799 1124 3850 ¹²·M³”⁰“¹'¹'¹⁵⁴²

147 3967 168 4035 V
