2700 4675
264 538 304 599 ιο
634 537 759 587 oanrro

262 681 393 742 Galliam
413 683 513 754 mittit,
535 690 627 755 uteo,
650 703 725 761 quae
746 683 964 759 proscripoerut,
985 683 1144 742 venirent:

261 783 405 842 deteriore
421 789 551 859 tempore
564 787 670 844 abscm
693 784 891 842 auctionatur:
913 782 1058 855 Scapulis
1071 782 1141 842 diffi-

261 882 364 939 ciliore
384 882 554 942 conditione
566 884 711 942 dissolvit.
732 888 802 941 tunc
822 882 950 955 appellnt
971 883 1052 939 ultro
1067 882 1141 938 Nae

263 980 353 1046 vium,
367 985 407 1047 ut,
417 983 554 1054 quoniam
572 984 775 1056 suspicaretur,
789 980 935 1056 aliquado
948 996 982 1036 re
997 980 1062 1037 lore
1076 996 1141 1037 cou-

263 1077 444 1145 troversianr,
466 1078 589 1146 videret,
603 1089 635 1138 ut
657 1097 744 1153 quam
758 1079 889 1153 primum,
903 1082 933 1135 ct
953 1094 1045 1152 quam
1060 1077 1141 1136 mini·

263 1191 311 1232 ma
324 1192 392 1233 oum
412 1178 547 1234 molestie
567 1182 629 1234 tote
652 1195 699 1235 res
722 1177 936 1251 transigeretur.
977 1174 1140 1234 ”Datistc

263 1274 390 1332 amicum
405 1274 448 1333 M.
464 1277 662 1335 Trebellium:
677 1294 730 1336 uos
739 1292 921 1335 communem
931 1275 1139 1340 necessarium,

264 1374 314 1448 qui
327 1375 410 1432 istius
423 1376 502 1433 domi
512 1381 574 1434 erat
593 1378 742 1445 educatus,
756 1381 787 1433 et
800 1392 856 1451 quo
864 1374 998 1431 utebatur
1008 1372 1067 1430 iste
1083 1374 1143 1447 plu·

265 1472 378 1541 nimum,
404 1461 595 1551 propinquum
607 1481 745 1543 nostrum,
771 1476 842 1532 Sex.
858 1472 1039 1545 Alpbcnum·
1082 1472 1140 1530 Res

265 1572 426 1627 conuenire
450 1574 531 1630 nullo
558 1575 644 1630 modo
667 1579 801 1645 poterat:
822 1575 973 1645 propterea
997 1571 1078 1644 quod
1091 1570 1138 1627 hio

266 1667 444 1725 mediocrem
461 1671 608 1742 jacturam
630 1671 727 1727 lacere
748 1670 906 1743 cupiebat3
925 1668 982 1726 iste
997 1667 1139 1726 mediocri

265 1766 373 1840 praeda
397 1772 552 1825 contentus
577 1786 637 1825 non
658 1773 730 1825 erat
772 1770 874 1844 ltaque
897 1786 936 1824 ex
957 1784 994 1823 eo
1008 1772 1140 1841 tempore

266 1882 313 1923 res
323 1883 387 1923 esse
397 1864 429 1923 in
438 1866 638 1926 vadimonium
651 1867 759 1942 coepit
783 1868 859 1926 (lum
869 1864 1040 1925 vadimonia
1054 1884 1142 1940 saepe

268 1965 362 2024 dilata
385 1972 491 2036 essent,
519 1972 550 2024 ct
575 1984 643 2026 oum
663 1967 843 2043 aliquantum
856 1963 992 2041 temporis
1006 1964 1038 2022 in
1062 1983 1100 2023 ea
1112 1983 1142 2022 re

267 2071 345 2123 esset
357 2073 547 2154 consumtum,
561 2086 655 2144 neque
668 2068 823 2144 quidquam
841 2065 862 2100 ²¹
873 2065 1032 2139 profectum
1045 2070 1141 2123 esset:

237 2145 353 2217 ssvenit
365 2165 402 2219 ad
416 2164 615 2222 vadimonium
626 2167 655 2222 N
658 2167 768 2221 sevius.
811 2167 949 2230 Obsecro,
964 2164 999 2221 C.
1015 2164 1141 2239 Aquilli,

258 2275 386 2333 ¹vosque,
414 2260 463 2334 qui
476 2261 584 2318 adestis
597 2261 629 2321 in
642 2262 776 2330 consilio,
798 2260 819 2294 Β
832 2267 865 2318 ut
877 2261 1034 2335 diligenter
1046 2267 1143 2321 atten-

266 2358 352 2429 datis,
375 2364 407 2418 ut
427 2359 572 2437 singulare
593 2381 684 2438 genus
698 2362 813 2430 bandis,
827 2366 858 2418 et
870 2379 979 2418 novam
995 2361 1142 2420 rationem

259 2460 437 2520 insidiarum
450 2481 626 2539 cognoscere
639 2463 764 2540 possitis.
807 2461 870 2528 Ait,
890 2479 923 2518 se
942 2459 1145 2520 auctionatum

268 2578 333 2618 esse
353 2561 385 2619 in
410 2563 528 2620 Gallia:
549 2567 625 2640 quod
638 2565 695 2624 sibi
715 2565 871 2630 videretur,
891 2580 923 2619 se
948 2559 1121 2618 vendidisse
1135 2581 1148 2616 :-

259 2675 394 2726 -curaasa
407 2678 445 2716 ue
464 2663 532 2733 quid
546 2661 602 2718 sibi
625 2663 750 2719 societas
769 2664 906 2719 deberet:
927 2660 1032 2730 sejam
1045 2676 1145 2733 neque

259 2755 372 2811 -vadori
382 2755 514 2828 amplius,
525 2773 618 2829 neque
627 2757 826 2812 vadimonium
837 2756 1013 2823 promittere.
1034 2755 1147 2827 siquid

270 2868 356 2926 agere
374 2868 474 2909 secum
487 2852 561 2909 velit
575 2851 722 2924 Quintius,
734 2867 794 2906 non
808 2862 950 2902 recusare.
992 2843 1060 2908 Hic,
1074 2864 1150 2912 cum

269 2967 332 3008 rem
346 2949 531 3008 Gallicanam
545 2951 662 3020 cuperet
684 2944 821 3009 revisere,
840 2939 988 2997 homiuem
1009 2938 1040 2993 in
1062 2958 1149 3013 prae-

271 3047 366 3104 sentia
387 3065 447 3103 non
468 3048 598 3102 vadatur.
632 3043 675 3100 ita
694 3040 758 3098 sine
780 3036 949 3098 vadimonio
972 3036 1144 3104 disceditur,

273 3144 391 3201 Deinde
414 3145 526 3201 Romae
547 3142 610 3199 dics
630 3158 695 3198 xxx
715 3140 774 3197 lere
789 3136 924 3212 Quintius
939 3147 1143 3203 commoratur.

273 3299 324 3343 suut
333 3294 399 3352 aliae,
411 3302 436 3343 ut
444 3293 568 3354 judiciam,
576 3295 712 3352 morionem
720 3297 814 3349 amere,
841 3309 867 3340 ro
880 3292 972 3352 judicio,
983 3293 1107 3356 sponsione.
1119 3316 1142 3347 v.

273 3355 339 3401 Clau.
348 3354 471 3404 inuicem.
487 3355 547 3401 adde
556 3360 581 3402 et
589 3355 688 3404 Turncb.
698 3357 792 3404 Advers.
804 3355 827 3402 X
852 3355 893 3410 lll,
903 3357 939 3400 21.

302 3435 326 3466 ²⁶
340 3433 389 3480 Dat
396 3435 436 3482 iste
445 3433 543 3481 unacum
550 3434 584 3481 M.
594 3434 647 3497 lla]
677 3435 798 3485 Lambinus
813 3433 836 3480 in
847 3433 905 3480 Mss.
920 3433 1051 3504 quibusdam
1060 3438 1148 3495 reperit

273 3493 402 3550 arbitrum
417 3493 477 3555 quod
486 3507 531 3540 nou
538 3498 572 3540 est
579 3499 677 3542 erratum
687 3494 843 3542 librariomm:
859 3494 898 3539 sed
907 3494 1051 3540 videturesse
1060 3493 1142 3550 glossa.

303 3571 328 3605 ²⁷
340 3572 542 3633 wlstctamesrell
573 3573 810 3622 SicedidimuseMss.
820 3572 855 3619 ed.
867 3572 975 3620 W.RB.
986 3573 1148 3620 luntutnnte

275 3644 315 3677 uos
332 3631 448 3678 Graevius.
478 3631 554 3691 Vulgo
567 3636 691 3695 postetam
700 3639 765 3682 estet.-
780 3633 839 3695 quod
854 3637 929 3678 tamen
938 3637 962 3678 ot
978 3632 1048 3692 ipsum
1058 3645 1155 3682 sensum.

275 3691 414 3738 commodum
423 3691 499 3738 habet.

305 3769 328 3839 ξθ
342 3769 495 3829 indiligenter
504 3771 642 3842 amamini
668 3745 774 3820 drbibor
789 3776 873 3820 utesse
880 3770 1009 3838 delendum:
1024 3781 1070 3813 uon
1078 3771 1147 3816 modo

277 3842 329 3890 qma
337 3828 384 3876 scre
401 3830 486 3877 obsecro
502 3844 549 3879 true
564 3836 591 3881 at
599 3831 690 3892 datm
708 3833 753 3881 red·
762 3846 815 3894 quta
824 3835 899 3878 statm
908 3832 1006 3890 sequrtur
1014 3830 1048 3883 ul,
1067 3841 1112 3888 quo
1123 3832 1150 3875 st

137 3910 196 4107 N
278 3886 442 3938 oretindurior.
