2700 4675
321 550 384 614 tao
692 527 830 596 casuro
946 521 950 534 '

319 711 488 771 responsum
498 699 588 764 tunm,
598 710 658 754 non
668 707 843 769 magnopere
858 691 973 749 laboro.
1011 687 1197 751 Firmissimlr

321 794 402 852 enim
415 801 445 853 et
464 794 654 854 sanctissimis
676 790 850 851 testimoniis
871 788 1005 849 virorum
1027 790 1191 864 optimorum

322 910 410 951 causa
423 893 525 951 Roscii
538 892 715 951 communita
725 896 778 948 est.
820 887 854 947 Si
861 887 928 961 jam
938 887 996 945 tibi
1007 887 1191 946 deliberatum

322 996 376 1058 est,
390 992 490 1065 quibus
504 992 622 1065 abroges
634 991 721 1047 fidem
728 987 925 1063 jurisjurandi,
936 988 1097 1062 responde.
1136 986 1191 1044 llla·

323 1087 396 1147 uilio
409 1093 440 1145 et
453 1088 561 1147 Luscio
575 1106 664 1163 negas
679 1106 742 1144 esse
753 1083 952 1145 credendum?
971 1086 1037 1155 dic,
1050 1086 1135 1145 aude.
1153 1087 1191 1141 at

323 1190 390 1243 tuae
420 1187 632 1254 contumaciae,
658 1186 849 1259 arrogantiae,
874 1183 1019 1259 vitaeque
1046 1184 1190 1242 universas

323 1301 395 1342 vox.
438 1285 516 1359 Quid
538 1289 701 1359 exspectas,
729 1299 815 1359 quam
838 1298 906 1340 mox
928 1299 988 1356 ego
1011 1282 1149 1340 Luscium
1165 1282 1192 1336 el

325 1382 481 1442 Manilium
491 1385 597 1452 dicam,
607 1384 719 1451 ordine,
729 1399 792 1439 esse
806 1384 975 1450 senatores3
998 1385 1110 1449 aetate,
1122 1395 1191 1455 grm-

324 1483 377 1539 des
390 1487 478 1550 natu3
500 1489 611 1550 natura,
626 1487 743 1539 sanctos
757 1484 788 1537 et
801 1478 969 1554 religiosos3
995 1479 1095 1554 copiis
1108 1478 1149 1536 rei
1160 1476 1192 1533 la·

324 1578 413 1647 liaris,
435 1571 596 1652 locupletes
615 1584 645 1636 et
667 1575 861 1652 pecuniosos?
893 1594 954 1635 non
981 1578 1111 1635 faciam:
1131 1573 1193 1635 nihil

324 1674 570 1744 mibidetraham‚
584 1676 723 1734 cumillis
743 1682 866 1734 exactae
886 1675 995 1733 uentis
1017 1673 1193 1737 severissima

325 1772 457 1842 tructam,
471 1792 557 1850 quem
571 1779 745 1843 meruerunt,
758 1774 923 1832 retribuam.
944 1775 1044 1850 magis
1058 1792 1127 1834 mea
1138 1773 1195 1831 ado·

325 1873 468 1932 lescentia
488 1873 602 1948 indiget
622 1873 738 1931 illorum
760 1875 838 1929 bona
863 1871 1100 1942 existimatione,
1120 1885 1194 1949 quau

323 1970 439 2030 illorum
451 1972 635 2031 severissima
647 1977 782 2031 senectus
802 1972 948 2029 desiderat
962 1989 1063 2031 meam
1074 1973 1190 2031 laudem·

327 2070 496 2137 univero,
519 2071 597 2139 Piso,
610 2066 660 2128 diu
684 2072 911 2137 deliberandum,
930 2067 997 2128 ”et
1021 2085 1194 2146 concoquere

327 2166 397 2221 dum
410 2172 463 2233 ost,
476 2171 570 2225 utrum
583 2168 679 2237 potius
700 2169 850 2226 Chaereae
871 2166 1002 2241 injurato
1023 2169 1057 2227 in
1080 2167 1196 2234 sualite,

327 2277 367 2318 an
382 2262 507 2319 Manilio
520 2268 551 2318 et
564 2264 672 2319 Luscio
681 2264 787 2337 juratis
800 2265 833 2321 in
847 2264 944 2321 alieno
957 2264 1082 2338 judicio
1095 2267 1194 2327 credet

329 2360 483 2437 Reliquum
505 2368 558 2429 est,
580 2366 612 2418 ut
626 2362 764 2421 Cluvium
784 2364 888 2420 salsum
908 2361 1024 2422 dixisse
1045 2365 1195 2425 Luscioet

328 2461 457 2520 Manilio
469 2463 643 2520 contendat:
664 2463 739 2536 quod
753 2462 778 2519 si
789 2461 936 2535 facitque
948 2460 1139 2537 impudentia
1150 2465 1196 2527 et

328 2578 434 2617 eumne
448 2565 552 2618 testem
566 2560 749 2635 improbabit,
763 2575 849 2636 quem
858 2559 999 2634 judicem
1012 2558 1163 2636 probarit?
1177 2558 1199 2619 a?

328 2658 447 2730 negabit
461 2659 542 2716 credi
555 2664 696 2732 oportere,
707 2659 756 2715 cui
769 2658 832 2732 ipse
847 2653 1033 2719 crediderit?
1055 2661 1121 2737 eJus
1131 2658 1199 2719 teu

329 2755 367 2812 ad
382 2755 513 2828 judicem
536 2756 623 2814 iidem
643 2755 809 2824 infirmabit,
829 2756 913 2831 cujus
934 2762 1059 2832 propter
1080 2745 1199 2821 fideiust

329 2853 500 2930 religionem
519 2854 638 2929 judicis,
657 2859 746 2912 testes
766 2850 979 2929 comparabat?
999 2873 1094 2932 quern
1113 2852 1198 2935 egeri

329 2954 432 3011 lerrern
447 2954 587 3026 judicem,
608 2952 738 3027 reingere
758 2969 818 3010 non
840 2953 977 3009 deberet:
1010 2970 1085 3015 cum
1106 2960 1197 3015 testu

329 3051 494 3121 producam,
507 3050 720 3122 reprehendere
733 3047 873 3108 audebit?
894 3048 984 3107 Dixit
999 3052 1096 3124 euim,
1108 3051 1198 3129 inquit,

330 3145 469 3218 injuratus
483 3147 591 3205 Luscio
605 3152 636 3205 et
655 3148 790 3207 Manilio.
832 3148 866 3206 Si
879 3147 994 3206 diceret
1007 3149 1138 3223 juratam,
1149 3165 1197 3210 ete

330 3240 434 3301 denes?
455 3244 499 3302 At
508 3245 576 3320 quid
589 3246 712 3304 interest
724 3245 801 3304 inter
810 3246 953 3320 perjurum
968 3250 1001 3304 et
1012 3240 1199 3310 mendacem?

280 3338 320 3399 16
332 3339 390 3413 Qui
412 3343 528 3401 mentiri
549 3347 631 3413 solet,
644 3345 773 3418 pejerare
799 3342 963 3402 consuevit.
986 3363 1082 3422 quern
1104 3347 1200 3426 egout

330 3441 495 3512 mentiatur,
506 3443 643 3501 inducere
653 3459 786 3517 possum:
807 3448 840 3501 ut
852 3441 972 3516 pejeret,
983 3462 1118 3506 exorare
1128 3443 1201 3506 tacite

330 3545 440 3616 potero.
460 3558 540 3608 nam,
563 3540 613 3615 qui
634 3543 726 3599 semel
744 3541 902 3599 averitate
923 3540 1062 3612 deflexit,
1086 3545 1137 3605 hic
1153 3556 1203 3603 ΙΙ

330 3640 441 3714 majore
462 3637 603 3713 religione
617 3640 654 3696 ad
676 3639 841 3714 perjurium,
855 3655 941 3716 quam
961 3640 1003 3697 ad
1024 3641 1204 3703 mendacin
1238 3682 1239 3693 ,

173 3818 176 3827 .
360 3789 385 3825 a
398 3795 419 3834 a
433 3789 626 3860 samaram]
663 3789 700 3836 sa
724 3792 776 3841 eur.
796 3797 821 3847 e
838 3807 881 3843 aar.
916 3791 1032 3845 stavia
1050 3798 1134 3848 anfi
1149 3785 1204 3851 'aab

173 3832 178 3921 ?
332 3848 731 3913 monacharumve.
910 3891 913 3897 .
