2700 4675
421 568 495 618 scs.
512 567 542 617 rr.
559 568 657 620 unsa
669 570 804 622 seruos.
991 578 1057 640 ,ω

180 715 372 774 certissimam
380 716 543 774 olslineret:
565 723 717 791 praetereo
729 736 831 794 greges
844 735 984 793 equum
993 720 1054 792 ejus

180 813 267 870 istum
288 814 448 886 subigendos
469 832 602 872 curasset
631 817 745 889 urgenti
772 817 921 891 vestieqrre
946 822 1054 889 stragu-

179 914 225 969 lae
249 913 326 987 quod
346 911 442 978 luerit,
463 929 580 969 curasse
601 914 799 971 auferendum.
850 915 934 971 llaec
960 932 1055 987 neque

181 1028 247 1068 cum
261 1027 317 1083 ego
329 1010 468 1077 dicerem,
491 1029 585 1085 neque
599 1029 667 1069 cum
688 1016 719 1069 tu
739 1029 869 1084 negares,
884 1013 981 1085 uragui
995 1029 1055 1071 mo·

183 1107 276 1165 urenti
290 1112 389 1165 nostra
412 1091 490 1166 esset
502 1110 603 1168 oratio.
646 1111 714 1181 Quo
727 1115 855 1182 tempore
869 1110 957 1183 igitur
969 1128 1054 1168 serres

172 1205 268 1279 judex
282 1206 816 1283 erigeret‚auimumque,attendereti
834 1226 901 1265 cum
916 1208 976 1266 Dio
988 1210 1052 1282 ipse

176 1306 310 1379 predicet,
325 1324 390 1364 cum
404 1308 506 1375 ceteri,
520 1309 570 1381 qui
585 1313 646 1365 tum
661 1309 693 1364 iu
709 1307 814 1365 Sicilia
837 1308 962 1380 negotiis
977 1309 1051 1366 Dio·

178 1404 226 1461 nis
244 1404 460 1463 interfuissent:
481 1423 550 1463 cum
570 1424 623 1478 per
644 1424 695 1462 eos
720 1406 800 1477 ipsos
819 1406 893 1472 dies,
906 1423 958 1477 per
981 1422 1051 1478 quos

177 1521 297 1564 causum
327 1507 388 1564 Dio
410 1508 532 1573 diceret,
554 1509 728 1579 reperiretur
752 1505 891 1578 pecorum
916 1505 1052 1562 sumsisse

176 1610 306 1675 mutuus3
335 1606 455 1663 uomina
476 1623 527 1661 sue
553 1606 697 1678 exegisse,
724 1606 843 1677 praedia
864 1604 1050 1662 vendidisse:

176 1720 243 1760 cum
257 1706 371 1760 tabulae
387 1704 512 1761 virerum
528 1707 665 1761 bonorum
681 1704 890 1777 proferrentur:
912 1720 989 1769 cum,
999 1701 1050 1775 qui

176 1801 331 1874 pecuniam
360 1803 451 1858 Dioni
473 1805 623 1870 dederunt,
637 1804 771 1859 dicerent
794 1804 898 1874 sejam
918 1810 979 1857 lum
1001 1818 1048 1857 arr·

176 1899 263 1966 disse,
278 1917 314 1955 eo
328 1918 458 1956 nummos
482 1902 566 1967 sumi,
579 1907 611 1956 ut
624 1901 713 1956 Verri
727 1904 878 1957 darentur:
898 1917 966 1955 cum
979 1899 1049 1955 ami·

176 1998 214 2064 ci,
243 1997 380 2069 hospites,
408 1998 522 2069 patroni
549 1998 663 2063 Dionis,
688 1998 821 2053 homiues
843 1995 1049 2063 honestissimi,

175 2097 251 2152 haec
277 2096 379 2150 eadem
401 2112 433 2150 se
452 2095 565 2151 audisse
579 2096 719 2152 dicerent.
762 2095 881 2167 opinor,
894 2111 960 2151 cum
975 2094 1049 2150 haec

174 2193 287 2256 fierent,
302 2198 362 2249 tum
377 2210 428 2249 vos
443 2194 588 2260 audiretis,
604 2194 680 2252 sieut
694 2194 834 2250 audistis:
855 2192 876 2223 ῃ
887 2198 947 2249 lum
960 2208 1048 2249 ceusu

176 2291 393 2366 sgividerelur.
436 2293 487 2351 Sic
509 2310 526 2349 a
551 2310 598 2351 me
618 2298 685 2352 sunt
697 2298 763 2352 acta
776 2293 875 2350 omnia
889 2292 982 2366 priore
1000 2307 1048 2348 ac·

175 2391 265 2458 tione,
284 2397 316 2447 ut
331 2391 362 2446 iu
385 2392 554 2449 criminibus
574 2394 708 2449 omnibus
723 2395 832 2448 nullum
846 2398 932 2456 esset,
946 2391 1048 2461 inquo

175 2487 323 2562 quisquam
348 2487 476 2544 restrium
498 2495 665 2561 perpetuam
685 2489 902 2545 accusationem
925 2485 1049 2558 require·

174 2591 228 2642 ret.
268 2584 384 2657 ²3Nego
399 2602 463 2640 esse
486 2587 640 2659 quidquem
665 2603 684 2641 u
704 2585 824 2641 testibus
838 2584 957 2648 dictum,
972 2581 1048 2654 quod

173 2689 225 2741 nul
240 2680 370 2740 vestrdm
384 2683 511 2754 cuipiam
533 2694 608 2738 esset
629 2684 791 2748 obscurum,
805 2686 855 2737 aut
878 2667 1046 2754 cujusquam

174 2782 296 2840 oratoris
319 2780 515 2853 eloquentiam
537 2785 695 2853 quaereret.
736 2780 854 2835 Etenim
875 2779 918 2836 sic
943 2797 989 2835 me
1004 2779 1046 2851 ip·
1059 2790 1094 2848 11

173 2897 236 2936 sum
250 2880 344 2952 egisse
358 2878 497 2936 memoria
512 2879 629 2945 tenetis,
643 2877 719 2935 utin
734 2878 854 2933 testibus
868 2877 1045 2949 interrogau-

174 2978 218 3034 dis
232 2979 330 3034 omnia
339 2977 462 3034 crimine
475 2994 674 3050 proponerem,
684 2989 713 3032 et
727 2976 913 3048 explicarem,
925 2979 964 3042 ut,
978 2990 1046 3031 cum

172 3092 232 3132 rem
241 3081 331 3133 lotam
343 3077 374 3132 in
386 3076 483 3133 medio
496 3076 717 3149 proposuissem,
728 3079 789 3130 tum
804 3074 928 3147 denique
938 3077 1043 3130 testem

118 3187 121 3191 ·
171 3173 387 3247 interrogarem.
429 3176 529 3248 ltaque
546 3191 603 3230 non
623 3176 710 3231 modo
725 3192 785 3240 vos,
799 3173 901 3247 quibus
915 3176 959 3228 est
965 3171 1042 3244 judi·

171 3272 307 3336 cendum,
332 3275 428 3327 nostra
448 3273 571 3328 crimina
594 3273 711 3339 tenetis,
735 3273 787 3329 sed
811 3272 900 3328 etiam
922 3273 1041 3343 populos

172 3369 321 3424 Romanus
340 3371 431 3424 totam
452 3369 669 3428 accusationem
696 3369 877 3443 euersumque
890 3368 1040 3441 coguovit.

171 3466 288 3522 tametsi
302 3465 343 3521 ita
365 3467 403 3522 de
417 3483 482 3522 meo
495 3466 573 3522 iacto
597 3469 704 3540 loquor,
715 3467 796 3540 qussi
809 3486 864 3541 ego
880 3468 952 3524 illud
975 3480 1041 3519 mea

198 3617 223 3651 ²²
238 3617 483 3679 lomcommugicid]
514 3617 825 3668 Graeviusecod.Fr.addi
844 3621 894 3668 vult
907 3632 963 3666 cere.
995 3610 1040 3660 Sed

167 3676 192 3724 id
201 3677 350 3734 estaglossu,
360 3677 529 3736 quaeestetiu
539 3677 587 3724 Ms.
599 3677 642 3724 Gn.

196 3756 220 3787 ²³
236 3755 299 3812 Nego
309 3755 369 3814 esse]
402 3753 461 3801 Edd.
473 3755 532 3814 vulg.
545 3755 628 3802 habent
643 3771 698 3816 nego
716 3773 754 3816 ego
771 3774 820 3806 erse.
852 3759 980 3816 Semperne
997 3761 1040 3805 08⁰

166 3815 284 3864 delendum
319 3817 388 3863 utari.
405 3830 462 3864 nuuc
480 3816 562 3874 delevi,
582 3817 665 3879 quicin
683 3820 734 3866 edd.
749 3835 783 3880 pr.
795 3835 839 3866 nou
857 3823 905 3866 cst:
921 3819 1040 3868 nechabet

170 3873 218 3923 Ms.
229 3875 272 3924 Gn.
341 3875 423 3924 omodo
431 3880 508 3924 uatum
517 3876 553 3935 sil,
563 3876 628 3924 uene
638 3876 777 3938 intelligitur.
