2700 4675
476 552 548 602 Ac'l'.
565 553 595 603 ΙΙ.
611 552 709 602 unns
723 550 856 601 Pntntus.
1040 551 1102 611 240

236 701 280 752 est
294 700 363 754 ante
376 697 464 755 istum
478 706 647 772 praetorem.
662 701 724 774 ejus
749 700 955 756 testamentum
967 698 1031 751 erat
1042 695 1104 751 nul-

236 796 305 851 tum.
331 798 396 869 tege
420 798 566 855 hereditas
578 802 614 856 ad
628 804 748 874 gentem
771 796 932 854 Minuciam
956 792 1105 849 seniebat.

239 894 272 950 Si
288 895 435 952 habuisset
449 896 504 953 iste
518 897 656 964 edietum,
680 898 755 971 quod
774 906 842 953 ante
862 896 949 951 istum
962 896 994 948 et
1007 895 1107 963 postes

236 1009 338 1049 omnes
354 996 524 1063 habuerunt,
539 996 681 1069 possessio
690 995 840 1052 Minuciae
848 992 930 1067 genti
937 995 1015 1047 esset
1028 991 1104 1046 data.

238 1091 272 1146 Si
286 1092 349 1165 quis
364 1099 539 1176 testamento
551 1112 584 1151 se
602 1094 738 1151 heredem
748 1108 812 1149 esse
826 1092 1019 1155 arbitraretur,
1029 1088 1105 1162 quod

236 1194 299 1245 tum
314 1208 372 1247 uon
390 1197 525 1258 exstaret,
548 1194 612 1265 tege
634 1199 733 1266 ageret
756 1191 787 1248 in
811 1190 1020 1247 hereditatem:
1044 1190 1105 1253 aut,

237 1303 288 1358 pro
308 1289 413 1359 praede
440 1289 499 1346 titis
526 1288 719 1346 vindiciarum
743 1306 810 1345 cum
835 1287 907 1345 satis
933 1285 1104 1358 accepisset,

234 1383 419 1456 sponsionem
445 1386 570 1444 fuceret:
603 1385 675 1444 ²¹ita
707 1389 745 1443 de
775 1387 937 1443 hereditate
970 1386 1104 1440 certaret.

236 1482 311 1547 Hoc,
325 1484 436 1556 opinor,
441 1484 507 1558 jure
521 1494 552 1542 et
566 1487 689 1559 majores
703 1486 804 1552 nostri,
817 1490 847 1542 et
868 1501 921 1540 nos
934 1499 1048 1554 semper
1060 1479 1106 1537 usi

234 1598 340 1637 sumus.
382 1583 502 1650 Videte,
522 1590 554 1641 ut
577 1586 633 1641 hoe
654 1585 710 1641 iste
729 1583 897 1641 correxerit.
946 1579 1105 1653 Componit

235 1681 363 1737 edictum
378 1682 414 1738 iis
428 1684 533 1749 verbis,
547 1689 579 1740 ut
591 1684 688 1758 quivis
713 1683 877 1756 intelligere
900 1681 1000 1755 possit,
1019 1679 1103 1736 unius

234 1780 361 1836 hominis
375 1798 461 1837 causa
475 1783 672 1855 conscriptum
686 1800 760 1838 esse.
782 1787 895 1839 tantum
916 1781 992 1854 quod
1013 1776 1104 1835 homi·

234 1898 304 1936 nem
319 1899 378 1937 non
401 1881 547 1937 nominat:
569 1899 686 1937 causam
700 1882 816 1953 quidem
829 1886 920 1936 totam
933 1877 1101 1951 perscribit:

229 1978 289 2050 jus,
300 1980 550 2045 consuetudinem,
564 1979 748 2052 aequitatem,
762 1979 859 2035 edicta
872 1976 1001 2033 omnium
1014 1974 1104 2047 negli-

235 2076 289 2150 git,
310 2095 352 2133 sx
374 2095 484 2134 snrcro
505 2094 638 2134 uanauo.
670 2094 699 2133 ss
727 2093 768 2133 nn
795 2090 995 2133 nmsnrnnnn
1016 2090 1105 2130 sunr-

236 2190 342 2241 errun,
371 2174 429 2232 ”si
461 2193 639 2243 sossnsson,
661 2192 857 2233 srousrousu
887 2190 950 2230 uou
979 2188 1102 2230 ruerus.

234 2272 302 2347 quid
317 2274 346 2329 id
360 2276 397 2330 nd
411 2281 580 2348 praetorem,
601 2284 664 2333 uter
691 2292 836 2350 possessor
855 2271 917 2331 sit?
949 2289 1049 2329 nonne
1072 2271 1104 2327 id

233 2372 333 2445 quaeri
346 2381 468 2447 oportet,
482 2386 575 2432 utrum
590 2393 784 2447 prossessorem
796 2392 860 2431 esse
876 2368 1032 2445 oportent
1052 2371 1104 2427 Er-

233 2487 272 2544 go
285 2471 352 2544 quia
377 2487 522 2543 possessor
542 2479 596 2535 est,
614 2470 636 2501 ⁸
657 2487 717 2526 non
730 2486 832 2525 moves
854 2466 1058 2540 possessione?
1077 2468 1104 2524 si

235 2585 383 2640 possessor
398 2585 454 2623 nou
469 2572 555 2632 esset,
567 2583 625 2622 non
639 2568 732 2623 dares.
748 2584 886 2640 nusquam
899 2567 979 2623 euim
991 2566 1103 2633 scribis,

236 2682 331 2737 neque
345 2671 376 2720 tu
391 2664 470 2720 aliud
484 2664 636 2738 quicquam
648 2666 747 2722 edicto
760 2666 952 2737 amplecteris,
966 2666 1023 2722 nisi
1037 2681 1103 2721 eam

237 2780 364 2828 causum,
379 2779 430 2834 pro
443 2780 499 2835 qus
512 2763 667 2834 pecuniam
694 2780 857 2835 acceperas.
898 2766 966 2822 ,iam
989 2766 1045 2822 troc
1066 2765 1103 2822 ri·

236 2861 364 2918 dicuium
392 2866 458 2917 est:
482 2858 502 2892 ⁸¹
515 2879 543 2918 s1
563 2880 604 2919 nn
625 2877 824 2917 nnnnns'surn
851 2879 1043 2929 sunrennun,
1062 2879 1102 2920 ns

265 3016 286 3048 ²¹
302 3016 332 3061 ito
339 3017 418 3063 dedet.
430 3017 460 3077 e]
491 3015 599 3063 Graevius
608 3030 658 3061 nrm
668 3015 751 3062 Ursino
760 3019 824 3085 putat
834 3015 938 3062 excidisse
945 3019 972 3062 et.
989 3015 1055 3062 male.
1070 3014 1104 3061 tta

235 3079 334 3130 esttum,
346 3076 457 3122 bisfactis.
476 3075 631 3133 etlanguidam
648 3074 841 3121 tscitoratronem.
873 3076 1002 3134 Struthuius
1019 3075 1104 3121 tormse

235 3139 259 3180 et
268 3135 315 3179 alis
323 3135 431 3194 exempla.

265 3213 289 3243 ²²
304 3213 323 3256 si
328 3227 440 3269 possessor,
449 3213 583 3268 smnsiorsem
598 3213 687 3272 nonii]
719 3212 755 3259 Sic
764 3212 968 3274 interpungendum,
979 3211 1103 3272 intelliges

236 3270 378 3329 dumqueest,
395 3275 420 3314 ut
436 3270 521 3317 monuit
540 3271 650 3318 nunnius.
683 3271 788 3332 Sequitur
795 3271 863 3317 less.-
877 3268 931 3315 Just
946 3270 1026 3329 qrss'ds'.
1042 3285 1063 3316 a.
1078 3286 1101 3327 p.

235 3329 295 3387 quod
305 3332 429 3387 napeetum
438 3333 486 3373 est:
502 3329 555 3389 quis
564 3344 615 3376 nox
623 3329 646 3375 in
657 3329 730 3376 attera
738 3328 910 3390 reprehensione
919 3328 951 3374 sis
958 3328 1103 3383 melmin

235 3386 412 3431 ridiculum-st:
426 3385 467 3431 nisi
478 3385 514 3431 bie
522 3386 570 3432 t'uit.
590 3387 651 3432 Num
660 3384 908 3446 particula-transeundi
919 3386 1026 3433 adalind.
1057 3387 1102 3434 Sed

234 3444 295 3504 prius
304 3443 359 3489 ittud
372 3444 497 3501 jusahest
511 3445 570 3505 apud
579 3444 749 3491 Priscianumet
760 3448 838 3493 asson
855 3449 880 3492 et
894 3444 1103 3493 crstiosineeoest

235 3502 338 3548 vividior.
350 3502 425 3563 itaque
435 3502 516 3549 delevi.

264 3581 288 3613 ²³
302 3596 427 3650 manuscr
443 3582 580 3643 pomum]
596 3582 612 3629 i.
624 3583 720 3631 etsinon
734 3583 840 3644 sstisdet3
855 3584 964 3647 quodqui
978 3582 1100 3641 mutar,

233 3654 370 3701 possemmoe
378 3640 511 3687 mosebutsu
524 3640 615 3697 eujure.

260 3719 285 3751 Ἦ
300 3719 320 3764 si
338 3720 360 3765 d.
379 3720 401 3765 it.
420 3720 565 3781 ambigente]
597 3720 656 3767 und.
676 3722 806 3781 ambigitur,
828 3728 854 3770 ut
872 3724 894 3770 in
915 3722 994 3769 ceteris
1009 3723 1097 3773 dumus.

232 3777 338 3828 Fortasse
347 3778 429 3843 ubique
437 3779 563 3841 omnesne
572 3800 579 3827 :
594 3781 654 3843 quod
661 3781 745 3830 tomo.
754 3782 909 3832 estotim
918 3782 1030 3831 convenit.
