2700 4675
472 566 545 620 aar.
561 571 591 618 ιι.
608 567 707 617 urana
721 564 854 615 surmus.
1031 556 1095 625 pap

230 717 340 773 Omnes
354 717 466 774 exclusi
480 722 548 774 sunt
560 735 621 774 non
634 716 730 773 minus
743 717 852 787 aperte,
864 726 950 786 quam
963 708 1096 782 pupillus.

226 813 306 870 diem
327 815 490 887 praestituit
510 817 591 888 operi
611 815 757 879 faciundo,
776 810 797 843 ⁵⁸
808 809 956 867 Kalendas
974 810 1098 865 Decem·

230 914 303 968 lares.
325 916 404 970 locat
425 913 542 970 circiter
564 915 632 970 ldus
656 912 851 985 Septembres,
864 907 1005 983 angustiis
1029 913 1098 963 tem·

229 1011 306 1083 poris
319 1014 512 1069 excluduntur
524 1028 634 1070 omnes.
663 1010 742 1084 Quid
750 1006 836 1085 ergo?
856 1007 1098 1067 Raboniusistam
1109 1053 1150 1118 57

229 1109 309 1167 diem
329 1112 471 1185 quomodo
490 1107 670 1185 assequitur?
697 1111 794 1167 Nemo
808 1107 943 1167 Rabonio
961 1110 1098 1164 molestus

225 1212 285 1275 est,
296 1227 389 1283 neque
400 1211 539 1268 Kalendis
549 1208 770 1276 Decembribus,
780 1226 874 1283 neque
886 1206 991 1275 Nonis,
1004 1222 1099 1279 neque

229 1307 337 1365 ldibus.
352 1309 476 1384 denique
490 1310 638 1384 aliquanto
656 1310 688 1366 in
705 1306 888 1381 provinciam
900 1306 957 1362 iste
971 1304 1098 1377 proficis·

227 1405 303 1464 citur
315 1407 402 1479 prius,
412 1426 498 1482 quam
510 1426 582 1481 opus
595 1407 732 1464 effectum
745 1410 799 1462 est.
827 1404 1019 1477 Posteaquam
1033 1420 1098 1458 reus

226 1503 321 1562 lactus
334 1514 388 1574 est,
402 1485 495 1579 primo
509 1508 636 1580 negabat
647 1522 719 1578 opus
738 1502 760 1536 ⁵¹
768 1503 800 1561 in
820 1506 974 1575 acceptum
993 1501 1098 1559 reterre

226 1619 320 1676 posse.
341 1622 408 1661 cuns
424 1604 546 1664 instaret
560 1603 718 1671 Raboniua
731 1603 763 1660 in
777 1620 824 1660 me
838 1616 954 1659 causam
968 1601 1096 1659 coniere-

227 1705 286 1770 bat,
299 1706 373 1777 quod
387 1709 448 1762 tum
462 1704 595 1762 codicem
607 1703 814 1777 obsignasaem.
856 1701 934 1759 Petit
948 1719 966 1757 a
978 1719 1026 1757 me
1041 1702 1097 1757 Ra·

225 1800 340 1869 bonius,
352 1808 382 1859 et
403 1803 513 1861 amicos
535 1806 657 1876 allegat:
677 1802 765 1859 facile
789 1803 933 1875 impetrat
949 1800 1013 1868 iste,
1027 1800 1096 1874 quid

227 1905 336 1975 ageret,
364 1901 523 1962 nesciebat,
558 1900 592 1956 Si
617 1900 649 1955 in
675 1903 828 1971 acceptum
855 1916 915 1955 nou
942 1898 1095 1964 retulisset,

226 2002 346 2073 putabat
370 2016 402 2054 se
424 1996 534 2069 aliquid
551 1995 572 2028 ⁸⁸
587 1996 765 2053 detensionis
792 1996 964 2053 habiturum.
1002 1995 1096 2051 Rabo-

225 2097 308 2156 uium
320 2112 404 2169 porro
424 2094 606 2169 intelligebat
626 2111 687 2151 rem
697 2099 788 2151 totam
800 2112 865 2151 esse
878 2094 1094 2168 patefacturum.

226 2192 457 2269 tametsi,”quid
467 2198 579 2267 poterat
588 2211 653 2251 esse
664 2193 800 2267 apertius,
810 2212 896 2269 quam
905 2211 982 2251 nunc
995 2199 1050 2262 est,
1063 2199 1095 2251 ut

226 2311 285 2353 uno
299 2294 392 2354 mium
405 2298 480 2352 teste
492 2294 611 2351 haberet
625 2291 782 2352 Rabonio?
803 2293 883 2368 Opus
895 2293 928 2350 in
941 2298 1094 2366 acceptum

225 2395 323 2451 retulit
333 2391 523 2467 quadriennio
534 2396 608 2464 post,
615 2409 701 2464 quam
710 2393 789 2447 diem
796 2391 877 2462 operi
884 2391 1007 2447 dixerat.
1029 2392 1094 2449 Hac

225 2490 404 2555 conditione,
417 2487 519 2562 siquis
531 2489 568 2544 de
582 2491 689 2561 populo
702 2489 865 2560 redemptor
882 2485 904 2519 ⁶⁰
913 2488 1094 2556 accessisset,

254 2642 276 2675 Μ
291 2640 404 2688 Kalendas
413 2640 469 2687 Dee.
485 2666 493 2675 -
508 2666 518 2675 -
532 2666 541 2674 -
555 2636 620 2696 idus,
636 2640 690 2700 eto.]
720 2640 767 2687 Gur
781 2640 806 2687 hi
821 2640 888 2688 modo
903 2641 957 2698 dies,
967 2641 1102 2701 Kalendas?

224 2701 297 2750 idus?
316 2700 411 2760 Nempe,
421 2698 562 2760 quaomnia,
574 2698 682 2760 inquibus
691 2698 739 2746 dies
748 2700 915 2760 praestitiam
921 2700 1002 2805 gibus
1010 2701 1095 2764 aliquid

223 2761 298 2816 daur,
307 2757 414 2820 accipitur
431 2759 549 2805 factasunt
559 2757 702 2804 adrationem
765 2758 920 2805 niaecollocan
951 2760 1009 2806 esub
1016 2761 1094 2818 usuris,

223 2822 263 2866 aut
272 2815 362 2865 omniuo
372 2791 496 2863 credendae
504 2821 527 2862 et
535 2817 667 2864 reddendae.
721 2816 816 2863 erminus
828 2817 942 2863 solutionis
967 2819 1051 2878 soprius
1060 2824 1095 2866 est

223 2877 246 2923 in
264 2877 379 2932 Kalendis,
395 2881 420 2923 ut
436 2875 545 2923 Kalendis
561 2878 643 2923 dantur
659 2875 767 2936 pecsmiae
784 2879 868 2922 mutuo.
900 2876 923 2922 Si
956 2876 1041 2922 aluum
1050 2893 1094 2924 non

223 2934 317 2983 solvim
325 2934 442 2990 creditum,
450 2939 584 3007 prorogatur
593 2933 675 2982 solutio
684 2935 713 2981 ad
723 2935 814 2981 Nonas:
829 2933 863 2980 sin
872 2939 897 2980 et
904 2934 928 2981 in
936 2935 963 2980 iis
970 2950 1014 2982 nou
1024 2939 1054 2992 at,
1065 2939 1095 2984 ad

224 2995 289 3041 idus:
305 2996 361 3041 haec
370 3001 405 3042 est
415 2994 494 3041 saloma
504 2994 560 3041 dias.
591 2994 651 3043 Hinc
660 2995 744 3055 perdet
752 2992 861 3040 Horatius
870 2994 943 3055 Epod.
956 2997 978 3040 3.
990 2999 1045 3042 extr.
1057 2997 1094 3043 ubi

224 3068 245 3099 v.
254 3053 333 3101 lamb.
364 3054 472 3101 iimiliter
480 3054 548 3114 igitur
557 3059 630 3101 actum
640 3069 688 3101 esse
695 3053 718 3100 iu
733 3052 837 3113 operibsrs
846 3052 945 3100 locandis
954 3058 979 3100 et
987 3054 1094 3103 ιειὶῐιιιοιι-

221 3111 265 3168 dis,
281 3116 344 3173 patet
352 3128 380 3159 es
389 3112 411 3160 l.
421 3113 437 3159 l.
463 3112 525 3160 sumt
534 3113 590 3160 etin
599 3113 688 3161 tabulas
697 3113 791 3159 relertm
800 3111 886 3158 exactio
895 3113 957 3174 operi
967 3116 1093 3173 ettraditio.

220 3169 277 3216 item
287 3171 529 3219 redmtioetlocatio:
545 3173 599 3219 itu
609 3173 746 3232 legionum
762 3171 785 3217 in
804 3170 824 3216 li
842 3206 847 3216 .
862 3169 963 3218 Cornelii
979 3174 1007 3220 ad
1021 3174 1092 3221 Cicer.

222 3229 279 3298 lude
292 3228 417 3297 foedumut
429 3229 453 3277 in
471 3231 527 3277 lure
542 3232 701 3279 Kalendariunr
718 3230 805 3277 dicamr
866 3231 967 3279 omnibus
983 3234 1094 3280 rationum

222 3286 293 3332 lubus.
304 3299 325 3330 v.
335 3290 371 3331 tst.
381 3284 439 3332 coa.
450 3286 537 3334 Theod.
548 3289 578 3335 de
586 3288 732 3337 (iuratoribus
738 3289 877 3336 Kalendarii.
890 3291 918 3337 1..
929 3291 983 3338 illl.
996 3307 1017 3338 n.
1031 3297 1064 3339 12.

253 3363 276 3396 ⁶⁷
289 3361 316 3407 ia
325 3367 435 3419 saeptam
442 3363 527 3420 rafam
534 3366 610 3425 possa]
641 3366 743 3413 Proclive
756 3366 798 3425 est,
813 3383 864 3415 cum
873 3368 1017 3416 Hotomaano
1028 3370 1095 3415 corri-

221 3436 277 3485 gere
285 3422 384 3480 referri:
399 3421 476 3468 Potest
484 3421 553 3469 etiam
562 3424 665 3491 intelligi,
677 3439 708 3471 se.

220 3500 1097 3630 aristataslalma‘amsaamnmtmm
1167 3584 1174 3599 .

220 3619 345 3681 scripturae
357 3616 465 3677 defectui
475 3623 499 3666 et
512 3618 610 3666 clausula
620 3619 684 3666 verbi
693 3622 811 3682 sequentis.

222 3794 298 3876 aaa
306 3772 431 3878 ,liiii
446 3817 485 3865 sel
495 3772 693 3867 amffliii.
709 3760 891 3866 ffiffiffl
905 3774 918 3804 ⁹
987 3773 1051 3819 ΡΜ
1064 3774 1088 3807 ¹⁰

253 3897 416 4019 ῖοαίιιιιιίνικι,
425 3912 472 3948 asu
485 3902 536 3947 esst
549 3897 622 3961 ιιιιιι.]
651 3897 739 4019 ἔξω
747 3910 797 3946 urm
807 3895 927 3955 lambino,
935 3894 1042 3955 unedo,
1052 3901 1095 3945 stc·
