2700 4675
549 581 649 635 torm
659 581 777 637 nme
1034 587 1096 652 m

212 727 322 806 'fleg-ita
339 731 491 790 defixurus
512 732 582 789 sim.
623 732 892 799 Videt‚senatoses
914 733 1021 791 mtdtcs
1035 749 1099 791 esse

222 837 314 889 testes
326 831 467 889 suescas
478 848 547 889 suae
562 852 570 888 z
589 833 674 890 videt
686 834 793 889 multos
803 832 918 907 equites
943 832 1100 901 Romanoa,

227 932 394 1006 trequentes
418 935 570 1004 praeterea
583 931 667 988 cives
691 936 777 1005 atque
800 930 905 999 socios,
924 932 1026 1005 quibus
1038 933 1101 1005 ipse

226 1029 355 1103 insignes
368 1029 490 1104 injurias
504 1029 616 1087 fecerit.
658 1030 751 1088 Videt
764 1030 854 1088 etiam
867 1028 931 1087 'tot
943 1048 1049 1106 graves
1064 1032 1101 1088 ai)

226 1129 411 1187 amicissimis
424 1128 594 1187 civitatibus
605 1129 770 1205 ‘legationes
783 1146 851 1187 oum
865 1129 990 1203 publicis
1003 1137 1101 1188 aucto·

227 1228 360 1290 nitatibus
383 1246 419 1287 ac
443 1229 615 1286 testimoniis
637 1230 823 1287 convenisse.
864 1231 948 1303 Quae
967 1247 1039 1288 eum
1057 1230 1101 1287 ita

227 1326 296 1395 sint,
309 1345 446 1403 usqneeo
467 1330 506 1387 de
526 1329 662 1387 omnibus
678 1327 853 1386 bonismale
866 1328 1036 1397 existimat3
1056 1346 1101 1385 ns·

228 1444 284 1503 que
296 1445 334 1485 eo
347 1428 493 1486 senatoris
505 1428 621 1500 judicia
633 1427 748 1501 perdita
762 1425 967 1501 profligataque
981 1444 1046 1485 esse
1060 1444 1102 1484 ar·

225 1526 356 1596 tritantur,
365 1532 399 1585 ut
407 1528 468 1584 hoc
481 1529 578 1599 palam
589 1526 715 1592 dictitet,
723 1543 785 1583 ‘nou
800 1525 864 1582 sine
876 1543 964 1583 cansa
977 1545 1009 1584 se
1023 1526 1102 1601 cupi·

226 1626 450 1700 dumnecuniae
461 1626 556 1693 tuisse,
567 1624 704 1700 quoniam
716 1630 827 1682 tantum
842 1624 873 1682 in
883 1625 1011 1699 pecunia
1022 1642 1101 1700 prae·

227 1725 334 1783 sidium
359 1727 526 1799 experiatur
552 1743 632 1781 esse:
652 1742 718 1781 sese
745 1722 789 1801 (id
803 1725 879 1799 qnod
898 1725 1102 1783 difficillimum

220 1824 330 1902 inerit)
356 1832 468 1899 tempm
496 1825 590 1898 ipsum
618 1826 723 1881 emisse
745 1825 853 1896 judicii
866 1825 920 1892 sui,
933 1843 990 1899 quo
1002 1830 1103 1882 cetera

228 1921 346 1979 facilins
370 1941 465 1980 emere
489 1928 606 1995 posset:
637 1927 680 1989 ut,
700 1922 837 1994 quoniam
858 1922 1012 1979 criminum
1039 1923 1103 1978 vim

226 2021 431 2094 subterfugere
441 2019 453 2051 ⁰
465 2021 546 2076 nulio
557 2021 645 2075 modo
659 2023 781 2091 poterat,
795 2022 953 2091 prosettam
958 2019 1104 2092 ,temporie

234 2118 389 2175 devitaret.
424 2117 541 2191 ‘Quodsi
554 2134 613 2174 non
627 2119 714 2174 modo
727 2118 759 2175 in
783 2135 879 2187 cause,
894 2135 994 2176 verum
1008 2120 1040 2175 in
1053 2117 1106 2176 ali-

231 2235 289 2293 quo
317 2219 439 2275 honesto
459 2216 611 2291 praesidio,
636 2222 686 2274 aut
710 2218 832 2292 aiicujus
855 2218 1030 2292 eloquentia,
1054 2222 1105 2275 ant

228 2314 332 2393 gretia,
344 2334 426 2391 spem
440 2316 565 2392 aliquam
584 2319 776 2375 coltocasset:
796 2318 926 2392 protecto
946 2335 1006 2375 non
1029 2318 1104 2374 haec

231 2417 330 2475 omnia
356 2417 507 2490 colligeret
530 2421 616 2491 atque
640 2422 849 2489 aucuparetur:
873 2433 934 2472 non
958 2433 1046 2488 usque
1068 2433 1105 2472 eo

230 2516 393 2588 despiceret
407 2518 661 2587 contemneretque
675 2514 1008 2580 ordinem-senatorium,
1021 2518 1053 2570 ut
1063 2532 1106 2571 ar·

229 2613 338 2669 bitratu
352 2611 413 2683 ejus
426 2611 601 2684 deligeretur
613 2628 651 2667 ex
665 2616 779 2679 senatu,
792 2612 840 2686 qui
854 2628 919 2667 reus
933 2611 1033 2668 fieret:
1048 2611 1106 2686 qui,

227 2711 303 2767 dum
316 2710 376 2777 hic,
386 2726 459 2784 quse
467 2726 539 2784 opus
548 2713 654 2777 essent,
665 2717 853 2782 compararet,
864 2727 981 2767 censum
993 2711 1106 2767 interea

227 2814 303 2868 'ante
318 2827 384 2867 enm
397 2808 519 2866 diceret.
550 2809 674 2880 ¹Quibus
697 2824 753 2882 ego
774 2810 857 2864 rebus
881 2809 950 2883 quid
972 2809 1029 2866 iste
1043 2827 1105 2882 spe·

228 2915 286 2979 uet,
301 2915 332 2968 et
345 2928 402 2985 quo
415 2909 543 2967 animum
566 2907 710 2974 intendat,
730 2906 822 2963 tacite
836 2906 988 2980 perspicio.
1030 2907 1106 2978 Qua·

226 3012 362 3068 mobrem
376 3027 446 3068 vem
459 3027 491 3066 se
504 3007 633 3066 confidat
647 3005 757 3080 aliquid
769 3005 908 3078 perficere
922 3021 1015 3078 posse,
1027 3003 1039 3036 ⁰
1049 3007 1105 3064 hoc

237 3109 397 3167 Glabrione
418 3114 558 3182 praetore,
577 3111 608 3163 et
629 3107 685 3163 hoc
699 3104 834 3172 consilio,
860 3103 1023 3179 intelligere
1045 3123 1105 3167 non

236 3224 360 3282 possum.
400 3208 499 3266 Unum
512 3206 585 3265 illud
599 3206 742 3280 intelligo,
759 3205 836 3280 quod
857 3201 1006 3278 ¹⁰populns
1020 3205 1104 3263 Rom.

267 3359 279 3391 ⁷
293 3363 415 3416 totgruom,
425 3361 489 3464 etei³
509 3358 620 3407 Graevius
626 3360 691 3430 addit
699 3364 752 3416 tom,
763 3359 824 3420 quod
833 3358 901 3405 habet
916 3363 980 3406 vetus
995 3359 1107 3420 Interpres

227 3428 368 3475 ‘anonymus
378 3417 458 3464 etMs.
490 3432 510 3464 n
543 3419 602 3464 Edd.
612 3421 703 3480 quidem
712 3421 768 3464 vett·
775 3432 819 3463 non
829 3417 918 3464 habent.

236 3482 523 3552 wammam.
566 3495 1107 3558 nesmmmaetmcaemnspesonanm

235 3553 514 3602 mussemutinae
552 3554 701 3611 betptuesit.

222 3655 228 3662 ·
267 3631 513 3694 venenatumst]
545 3632 624 3679 nardo
633 3631 867 3680 Glabrioneaeodice
885 3634 981 3689 Asconii,
992 3631 1028 3694 qui
1039 3627 1109 3689 expli-

236 3692 303 3739 sandi
313 3706 379 3737 eausa
394 3690 483 3743 addidit
499 3707 528 3738 sc.
540 3691 666 3739 amnone
692 3689 784 3739 Delevit
793 3697 817 3738 et
826 3693 851 3739 P.
864 3693 987 3740 Manutius.
1023 3689 1109 3734 Contra

239 3749 550 3807 ans.Gu.abettproetore.
602 3764 607 3773 ’

234 3846 239 3853 ·
266 3829 395 3887 ”armas
403 3829 479 3892 Rana]
509 3829 546 3878 sic
556 3829 616 3878 edidi
626 3830 783 3880 mmditaevio
791 3846 835 3894 pro
848 3830 950 3886 Pmeter,
960 3825 1020 3889 quod
1033 3828 1109 3875 natum
