2700 4675
319 582 361 641 20
696 571 819 624 cusulo

315 723 448 782 Inveniri
470 723 552 790 rstio,
577 720 612 779 C.
636 721 759 796 Aquini,
782 737 841 778 nou
862 722 966 793 potest,
993 724 1027 776 ut
1051 722 1093 778 sd
1120 739 1201 782 suum

313 823 432 899 quisque
447 839 531 896 quam
545 821 667 894 primum
681 821 745 878 siue
758 820 928 893 cujusquam
941 818 1102 887 dedecore,
1126 822 1199 879 iuis·

313 920 382 988 mis,
395 921 579 993 pernicieque
594 916 770 991 perveniat?
790 917 933 983 Proiecto,
947 916 972 971 si
986 916 1058 989 quid
1073 919 1198 977 debere·

313 1022 367 1085 tur,
394 1022 523 1089 peteret:
546 1033 605 1072 non
628 1016 726 1072 omniu
741 1016 855 1087 judicia
878 1014 941 1071 lieri
962 1015 1076 1082 mallei,
1105 1034 1196 1091 quam

312 1131 402 1171 nuum
415 1112 497 1179 illud,
510 1114 586 1170 uude
605 1101 681 1168 'haec
704 1112 802 1168 omnis
820 1116 983 1169 nascuntur.
1028 1113 1091 1183 Qui
1116 1114 1195 1172 inter

313 1216 356 1268 tot
369 1228 461 1268 annos
476 1228 513 1268 ne
534 1210 687 1283 appellarit
700 1209 816 1283 quidem
835 1210 995 1281 Quintium,
1009 1225 1079 1267 cum
1095 1218 1194 1284 potes·

312 1313 356 1366 tus
371 1314 448 1366 esset
468 1308 574 1383 agendi
595 1308 733 1382 quotidie.
754 1307 813 1381 qui,
834 1326 890 1382 qno
912 1312 1041 1379 tempore
1062 1309 1193 1381 primum

312 1410 388 1466 mule
402 1425 487 1482 agere
508 1407 614 1480 coepit,
629 1406 660 1464 in
682 1405 856 1463 vadimoniis
877 1404 1043 1462 differendis
1069 1410 1189 1481 tempus

310 1525 397 1565 omne
419 1506 624 1563 consumserit:
652 1506 701 1580 qui
725 1511 826 1577 postea
846 1503 1046 1560 vadimonium
1068 1522 1188 1579 quoque

311 1606 430 1663 missum
443 1604 554 1670 lecerit,
568 1605 644 1659 hunc
656 1620 708 1675 per
720 1602 839 1658 insidias
854 1601 886 1657 vi
899 1603 937 1658 de
950 1617 1019 1675 egro
1032 1602 1189 1661 communi

311 1701 467 1775 dejecerit:
498 1700 556 1774 qui,
581 1717 648 1757 cum
671 1701 708 1756 de
728 1717 759 1756 re
778 1701 894 1773 egendi,
918 1703 997 1757 nullo
1018 1708 1189 1770 recusante,

311 1804 438 1874 potestas
452 1798 561 1865 luisset,
582 1797 767 1871 sponsionem
785 1798 822 1853 de
845 1800 948 1869 probro
961 1799 1058 1855 lacere
1072 1803 1187 1858 malue-

310 1899 366 1956 rit:
387 1898 445 1973 qui,
468 1915 535 1956 cum
557 1900 711 1953 revocetur
730 1896 767 1951 sd
787 1895 818 1951 id
835 1896 988 1968 judicium,
1005 1897 1084 1953 unde
1108 1899 1187 1957 haec

310 2002 380 2057 netu
393 2003 459 2054 suut
473 1996 580 2064 omnin,
593 1995 792 2053 conditionem
811 1993 1014 2070 nequissimam
1026 1996 1185 2067 repudiet:

311 2096 442 2162 latentur,
456 2114 488 2151 se
509 2113 567 2152 non
589 2096 751 2167 pecuniam,
771 2094 822 2149 sed
843 2081 935 2151 vitum
957 2098 987 2150 et
1007 2091 1186 2165 sanguinem

310 2197 424 2264 petere:
444 2192 470 2246 is
484 2209 543 2248 uon
558 2193 612 2247 hoc
628 2195 723 2264 palam
739 2191 833 2250 dicit?
852 2191 925 2248 mihi
938 2191 962 2247 si
977 2190 1045 2264 quid
1059 2192 1185 2250 debere·

309 2292 363 2356 tur,
374 2293 511 2362 peterem,
525 2291 610 2363 utque
624 2290 698 2346 adeo
705 2291 880 2365 jampridem
890 2288 1080 2347 abstulissem.
1102 2291 1183 2350 nihil

308 2388 365 2444 hoc
379 2391 460 2445 teuto
473 2387 599 2462 negotio,
620 2387 693 2444 nihil
718 2394 778 2446 turn
799 2389 946 2446 invidioso
963 2386 1087 2459 judicio,
1101 2389 1181 2447 nihil

308 2491 368 2545 tum
380 2486 499 2559 copiose
520 2486 713 2543 advocatione
734 2492 837 2554 uterer,
859 2486 885 2543 si
905 2486 1062 2559 petendum
1081 2494 1182 2546 esset:

307 2582 329 2616 ⁴³
339 2586 567 2658 extorquendum
581 2588 625 2641 est
645 2585 742 2642 invito
755 2591 840 2659 atque
854 2582 1003 2658 ingratiis:
1025 2584 1101 2657 quod
1116 2602 1182 2644 non

308 2682 403 2755 debet,
414 2681 594 2752 eripiendum
604 2684 690 2753 atque
698 2683 917 2754 exprimendum
924 2686 985 2738 est:
1005 2681 1042 2736 de
1053 2679 1182 2742 fortunis

308 2776 439 2834 omnibus
462 2776 495 2833 P.
512 2775 646 2846 Quintius
670 2779 863 2836 deturbandus
885 2784 947 2836 est:
967 2782 1111 2852 potentes,
1134 2782 1182 2840 di-

308 2872 385 2940 serti,
399 2873 511 2929 nobiles
533 2890 633 2930 omnes
655 2876 820 2934 advocandi
843 2883 927 2934 sunt:
948 2877 1114 2934 adhibenda
1128 2880 1180 2938 vis

307 2975 352 3028 est
366 2971 499 3028 veritati:
520 2971 616 3029 minse
630 2972 795 3046 jactentur:
816 2974 944 3047 pericula
968 2974 1179 3035 intenduntur:

307 3068 473 3126 formidines
493 3074 683 3141 opponuntur,
697 3075 729 3128 ut
742 3070 778 3128 iis
792 3073 875 3129 rebus
897 3073 1053 3146 aliquando
1074 3073 1178 3135 victus

307 3169 338 3222 et
361 3165 525 3237 perterritus
549 3166 611 3239 ipse
634 3169 729 3225 cedat.
771 3170 854 3242 Quae
876 3172 1041 3227 mehercule
1063 3172 1179 3245 omnin,

306 3280 382 3331 cum,
395 3262 444 3337 qui
457 3267 557 3320 contra
571 3272 708 3339 pugnent,
721 3266 820 3336 video,
833 3272 864 3325 et
879 3285 946 3325 cum
959 3268 1041 3324 illum
1055 3285 1177 3330 conses-

187 3356 191 3367 '
305 3379 367 3418 sum
376 3362 536 3431 considero,
546 3363 646 3421 edesse
656 3371 740 3439 utque
749 3365 914 3439 impendere
925 3367 1069 3433 videntur,
1078 3385 1179 3443 neque

305 3461 394 3518 vitari
412 3463 472 3518 ullo
484 3464 570 3519 modo
588 3480 682 3535 posse.
703 3480 769 3520 cum
782 3469 878 3521 sutem
892 3466 929 3521 ed
941 3469 981 3533 te,
996 3465 1031 3521 O.
1048 3466 1177 3538 Aquini,

304 3561 402 3616 oculos
418 3557 600 3632 animumque
615 3560 716 3630 retuli3
736 3577 793 3636 quc
814 3562 921 3638 majore
942 3568 1048 3620 conatu
1064 3565 1177 3623 studio·

332 3710 355 3742 4³
370 3713 450 3766 enwrp.
461 3710 491 3752 ert
499 3706 587 3766 incito]
618 3708 684 3756 Hunc
698 3709 770 3759 locum
779 3713 846 3759 aliter
855 3729 869 3759 e
877 3714 977 3774 vestigiis
986 3708 1026 3763 ed.
1037 3715 1074 3761 W.
1086 3720 1111 3761 et
1121 3732 1174 3766 sen-

303 3768 374 3814 tentia
388 3765 519 3826 interpunxi.
551 3765 627 3826 Vulgo
642 3773 685 3815 ent.
702 3775 732 3818 cst
750 3771 820 3819 incito
838 3777 902 3834 atque
915 3773 1030 3832 ing-retiis,
1050 3773 1109 3832 rtwd
1123 3790 1174 3828 mn

303 3826 378 3872 delet.-
392 3825 447 3882 erip.
457 3837 479 3871 c.
490 3836 550 3884 apr.
562 3829 599 3871 ert.
