2700 4675
263 525 328 586 204
600 520 636 569 ΙΝ
650 518 794 568 vmlbl

166 693 175 706 ·-
263 669 416 725 voluntate
429 667 534 741 potius,
547 685 632 742 quam
646 675 743 725 vestra
768 666 874 740 injuria
896 664 1047 725 adductus
1067 669 1139 728 less·

263 768 328 825 rim
369 768 586 842 Interposuistis
609 778 815 833 accusatorem,
828 765 888 839 qui,
901 782 972 822 cum
998 784 1056 841 ego
1069 767 1138 824 mibi

264 871 326 924 cet
339 886 361 923 x
375 867 438 924 dies
460 870 536 923 solos
560 867 592 924 in
617 868 750 925 Siciliam
774 867 977 938 postulassem,
997 883 1014 922 e
1035 871 1067 924 et
1081 884 1135 923 vnn

263 965 318 1024 sibi
344 965 377 1021 in
400 966 544 1038 Achajam
569 968 735 1038 postularet.
755 981 869 1021 menses
894 963 970 1030 mihi
994 970 1053 1021 tres
1072 982 1134 1022 cum

263 1063 438 1135 eripuissetis
461 1064 498 1118 ad
518 1064 662 1135 agendum
676 1063 803 1118 maxime
824 1061 983 1134 appositos,
998 1063 1134 1137 reliquum

261 1179 348 1219 omne
363 1168 473 1233 tempus
495 1162 577 1234 hujus
592 1161 662 1217 anui
685 1179 732 1216 me
748 1160 830 1216 vobis
845 1161 1030 1218 remissurum
1046 1167 1134 1234 putas·

263 1260 319 1317 lis:
341 1268 380 1327 ut,
394 1278 461 1317 oum
484 1261 561 1317 boris
582 1260 685 1315 nostris
710 1276 763 1315 nos
786 1276 915 1315 essemus
936 1260 992 1326 usi,
1005 1265 1044 1325 tu,
1059 1259 1133 1315 binis

264 1360 453 1433 interpositis,
460 1360 677 1433 quadragesimo
692 1363 755 1429 post
765 1357 812 1413 die
826 1359 1026 1429 responderem
1049 1357 1133 1414 dein·

264 1461 300 1516 de
323 1461 366 1516 ita
387 1465 499 1530 tempus
521 1459 681 1523 duceretur,
706 1461 737 1512 ut
759 1474 778 1511 a
798 1454 840 1511 Μ’
863 1456 1023 1514 Glabrione
1052 1473 1133 1529 pree·

263 1560 334 1621 tore,
349 1561 410 1612 eta
434 1574 538 1628 magna
559 1559 639 1627 parte
653 1557 753 1611 borum
762 1554 904 1625 judicum,
918 1556 958 1611 ud
972 1559 1130 1628 praetorem

262 1653 351 1709 alium
360 1653 532 1724 judicesque
556 1653 628 1707 alios
643 1652 817 1708 veniremus.
859 1653 944 1709 Haec
959 1653 985 1709 si
999 1671 1056 1726 ego
1075 1670 1131 1710 non

262 1751 418 1817 vitlissem3
430 1749 457 1804 si
473 1767 519 1805 me
529 1766 588 1806 uon
598 1767 699 1806 omnes
710 1751 772 1806 noti
782 1750 931 1825 ignotique
944 1752 1131 1819 monuissent,

261 1851 291 1909 id
307 1851 363 1923 agi,
389 1848 420 1904 id
443 1848 574 1921 cogitari,
598 1847 629 1903 in
652 1866 690 1904 eo
709 1849 841 1913 laborari,
859 1846 923 1905 “ut
938 1868 985 1907 res
1006 1851 1039 1907 in
1063 1850 1129 1907 illud

262 1954 374 2023 tempus
398 1948 574 2021 rejiceretur,
594 1948 691 2010 oredo,
706 1946 731 2001 si
744 1946 816 2002 meis
831 1947 909 2004 boris
923 1947 957 2004 in
971 1949 1131 2005 adamando

261 2048 305 2103 uti
320 2047 485 2110 voluissem,
507 2063 629 2111 vererer,
644 2064 682 2100 ne
705 2045 777 2101 mibi
801 2044 926 2102 crimina
950 2064 1011 2104 non
1035 2064 1130 2120 suppo·

261 2148 371 2211 terent3
393 2162 430 2199 ne
454 2143 546 2199 oratio
569 2145 702 2199 deesset:
731 2160 768 2199 ne
788 2161 848 2199 vox
871 2143 1008 2219 viresque
1031 2146 1129 2203 defice·

261 2246 345 2297 rent:
368 2258 415 2306 ne,
428 2257 513 2313 quem
538 2257 624 2295 nemo
644 2231 865 2313 prima¹actione
879 2242 1039 2301 defendere
1051 2259 1128 2300 amm

260 2344 346 2406 esset,
357 2356 423 2395 eum
444 2356 499 2411 ego
513 2337 556 2394 bis
571 2356 708 2397 accusare
720 2359 780 2397 non
793 2357 915 2413 possem.
960 2342 1027 2417 Ego
1039 2358 1128 2400 meum

260 2439 414 2497 consilium
422 2443 483 2494 tum
491 2436 648 2508 judicibus,
659 2443 720 2495 tum
732 2440 837 2511 populo
850 2439 988 2497 Romano
1002 2440 1126 2514 probavi.

261 2540 359 2595 Nemo
376 2543 432 2605 est,
446 2536 494 2610 qui
507 2536 564 2592 alia
579 2535 690 2593 ratione
710 2536 829 2593 istorum
842 2537 970 2610 injuriae
985 2544 1070 2614 atque
1082 2539 1127 2596 im·

259 2636 415 2706 pudentius
437 2635 563 2707 potuisse
587 2635 689 2691 obsisti
716 2635 875 2692 arbitretur.
928 2637 1051 2695 Etenim
1076 2652 1125 2712 qua

259 2731 381 2788 stultitia
393 2731 519 2799 fuissem,
537 2732 571 2800 si,
585 2750 670 2806 quam
684 2734 771 2801 diem,
785 2733 833 2807 qui
846 2733 935 2791 istum
950 2736 1125 2810 eripiendum

259 2833 450 2898 redemerunt,
462 2831 492 2887 iu
511 2832 645 2888 cautione
660 2831 804 2899 viderunt,
824 2849 893 2888 cum
914 2831 959 2889 ita
983 2836 1125 2901 caverent,

258 2930 282 2985 si
298 2935 362 3002 post
384 2931 523 2986 kalendas
546 2930 613 2985 Jan.
628 2928 660 2984 in
681 2929 834 2985 consilium
853 2930 963 2987 iretur:
984 2931 1005 2964 ²⁵
1017 2933 1050 2989 in
1067 2946 1124 2989 enm

257 3027 334 3082 diem
356 3045 419 3099 ego,
433 3045 500 3083 cum
523 3027 679 3097 potuissem
701 3027 802 3095 vitare,
817 3028 1012 3089 incidissem?
1042 3032 1123 3088 Nunc

257 3121 330 3176 mibi
353 3123 489 3193 temporis
514 3123 584 3193 ejus,
607 3126 682 3197 quod
705 3125 776 3182 mihi
796 3128 833 3183 ad
855 3127 1016 3187 dicendum
1040 3131 1123 3194 datur,

257 3217 391 3288 quoniam
405 3219 437 3275 in
460 3219 557 3274 animo
571 3227 615 3276 est
636 3240 752 3280 eausam
770 3242 888 3281 omnem
906 3229 1123 3300 exponeretis·

134 3333 143 3345 “
208 3315 353 3375 12bentla
377 3315 450 3371 ratio
474 3322 519 3372 est
546 3317 709 3392 diligenter.
764 3323 865 3396 ltaque
893 3325 1022 3396 primum
1049 3327 1123 3384 illum

285 3488 308 3522 24
322 3492 348 3535 ul
357 3503 392 3535 res
400 3489 427 3534 in
436 3490 496 3558 illud
504 3493 615 3596 templu&
635 3494 726 3539 Possum
737 3502 848 3556 utcunque
859 3496 922 3542 illud
930 3498 1054 3560 explicare,
1064 3503 1087 3547 ut
1095 3511 1124 3544 re·

255 3550 340 3595 seratur
349 3549 377 3593 ad
388 3563 411 3594 su
427 3562 506 3594 errora.
538 3552 599 3596 Sedr
615 3551 622 3596 i
637 3552 836 3614 diversslempora
846 3563 1007 3604 memorantur.
1040 3560 1123 3618 Sempe

255 3607 331 3661 statui,
342 3563 457 3660 legentium
468 3621 515 3653 esse
524 3610 588 3655 aliud
597 3614 690 3670 tempus.
721 3611 794 3668 Hujus
802 3613 935 3660 confusionis
945 3616 1019 3662 mults
1030 3614 1124 3676 exemph

255 3665 348 3769 indlilssris
358 3681 398 3711 ser.
411 3670 434 3710 et
443 3666 493 3711 edd.
505 3667 584 3726 reperi,
596 3668 663 3715 etiam
672 3668 695 3713 in
705 3669 864 3729 Ciceronianis,
871 3677 898 3719 ut
907 3673 1010 3734 pluribus
1019 3670 1124 3740 pastio&

255 3739 277 3768 vr
293 3739 305 3768 e
323 3739 384 3771 rmus.

282 3799 305 3833 ²⁵
318 3801 345 3848 in
354 3817 402 3850 sam
410 3804 469 3852 diua
477 3802 611 3866 incidam]
627 3821 648 3852 v.
658 3805 724 3854 clav.
735 3805 790 3854 inb.
803 3822 823 3854 v.
835 3813 891 3856 snb.
