2700 4675
524 591 588 647 PRO
602 592 629 646 Ρ.
644 590 789 651 omnmo.
1046 590 1086 655 3?

223 738 314 817 pndet
339 744 446 801 dicere.
487 744 643 819 Intellige:
665 739 768 801 rernm
791 746 821 799 et
834 743 952 807 sero‚et
970 738 1088 813 nequic-

226 858 313 914 quam
327 842 422 913 pudet.
436 842 571 914 dejicitur
591 844 627 897 de
642 843 726 907 saltu,
741 840 777 897 G.
793 838 914 913 Aquilli,
928 837 1019 911 pridie
1033 838 1089 893 lla·

226 939 306 994 land.
321 938 517 996 intercalares.
531 935 618 994 biduo
637 943 711 1010 post,
734 943 784 994 aut
805 942 837 994 ut
857 936 955 993 statim
973 935 1091 1009 dejure

225 1035 331 1110 aliquis
345 1035 509 1102 cucurrerit,
523 1053 581 1092 non
595 1040 656 1091 toto
670 1036 763 1093 triduo
776 1053 832 1092 occ
846 1034 938 1092 millia
956 1051 1091 1108 passuum

227 1133 428 1190 conficiuntur.
469 1134 569 1191 Orem
582 1131 800 1191 incredibilem!
822 1133 1037 1207 ocupiditatem
1047 1132 1090 1190 in·

169 1281 172 1287 .
227 1230 455 1289 consideratam!
476 1249 495 1289 o
515 1232 647 1288 nuntium
671 1235 836 1290 volucrem!
859 1232 1033 1289 Administri
1059 1237 1090 1288 et

224 1329 364 1386 satellites
375 1330 445 1386 Sex.
461 1330 572 1387 Naevii
595 1330 690 1386 Roma
703 1335 781 1386 trans
797 1332 890 1403 Alpes
910 1330 941 1385 in
951 1330 1090 1388 ,Sabmia-

223 1445 276 1485 ncs
288 1426 374 1486 biduo
388 1428 519 1485 veniunt.
561 1429 587 1486 0
603 1429 750 1492 hominem
764 1430 946 1495 fortunatum,
960 1428 1008 1501 qui
1018 1428 1090 1500 ejus·

223 1527 303 1585 modi
315 1526 443 1593 nuntios,
456 1545 506 1583 seu
521 1528 615 1600 potius
638 1527 766 1600 Pegasos
789 1529 904 1583 habeat.
945 1527 1003 1583 Hic
1026 1544 1089 1600 ego,
1100 1546 1141 1603 26

223 1626 250 1683 si
271 1626 368 1684 Crassi
391 1642 492 1682 omnes
515 1642 582 1683 cum
607 1618 745 1683 Antoniis
766 1626 918 1693 exsistant,
941 1625 967 1681 si
990 1630 1030 1692 tu,
1052 1627 1087 1683 L.

225 1724 370 1797 Philippa,
384 1724 432 1798 qui
445 1716 521 1781 inter
544 1725 609 1781 illos
634 1725 763 1792 florebas,
778 1725 854 1782 hanc
876 1742 993 1782 cansam
1007 1727 1088 1780 voles

223 1839 290 1880 cunr
305 1823 462 1879 Hortensio
475 1823 582 1891 dicere,
596 1827 694 1879 tamen
705 1824 832 1895 superior
842 1822 897 1878 sim
905 1840 1025 1879 necesse
1034 1827 1088 1879 est.

224 1921 296 1978 Non
309 1920 397 1986 enim,
410 1921 648 1993 quemadmodum
662 1921 778 1991 putatis,
790 1920 887 1975 omnia
908 1917 1018 1976 suntin
1032 1923 1090 1976 elo-

226 2018 353 2092 quentia.
368 2021 412 2073 est
435 2018 574 2090 quaedam
588 2020 686 2073 tamen
709 2016 751 2072 ita
765 2016 917 2088 perspicua
929 2016 1045 2084 veritas,
1059 2022 1090 2075 ut

227 2131 293 2171 eam
303 2113 446 2172 infirmare
455 2116 534 2171 nulla
542 2132 586 2171 res
595 2114 694 2187 possit.
729 2115 780 2171 An
789 2119 941 2189 antequam
952 2117 1089 2188 postulas·

225 2212 258 2282 ti,
268 2218 298 2271 ut
308 2214 384 2270 bona
395 2213 564 2287 possideres,
578 2213 691 2281 misisti,
705 2213 754 2288 qui
764 2220 906 2282 curarent,
915 2215 1088 2272 utdominus

224 2313 262 2371 de
273 2329 324 2370 suo
335 2312 425 2370 londo
438 2330 456 2370 a
468 2331 520 2370 sua
530 2312 640 2372 familia
654 2313 687 2371 vi
699 2310 893 2386 dejiceretur?
912 2314 1090 2372 Utrumlibet

226 2411 311 2486 elige.
325 2414 446 2469 alterum
466 2411 637 2469 incredibile
652 2417 715 2468 est:
736 2415 858 2469 alterum
881 2412 1038 2469 nefarium:
1058 2416 1090 2467 et

224 2510 363 2567 antehoc
377 2514 489 2581 tempus
512 2514 661 2582 utrumque
686 2508 855 2564 inauditum.
898 2496 1090 2581 Septingenta

225 2606 318 2664 millia
337 2622 470 2678 passuum
485 2605 530 2661 vis
552 2621 616 2661 esse
636 2606 756 2661 decursa
775 2601 883 2662 biduo?
902 2605 959 2662 dic.
978 2602 1089 2679 negas?

224 2708 294 2760 ante
307 2702 395 2776 igitur
408 2701 520 2759 misisti.
534 2704 620 2759 malo.
662 2703 696 2760 Si
706 2703 785 2760 enim
797 2703 869 2760 illud
886 2703 1016 2772 diceres3
1036 2704 1088 2762 im·

225 2802 314 2875 probe
335 2800 452 2858 mentiri
476 2800 625 2859 viderere:
655 2817 723 2859 cum
745 2803 801 2860 boc
823 2803 984 2871 confiteris3
1006 2803 1035 2860 id
1057 2808 1087 2860 tc

223 2899 373 2957 admisisse
387 2899 534 2967 concedis,
548 2901 623 2974 quod
637 2918 675 2957 ne
697 2901 850 2958 mendacio
861 2900 975 2975 quidem
990 2905 1086 2974 tegere

223 2999 324 3072 possis.
366 2999 432 3056 Hoc
442 2999 596 3057 consilium
616 2999 757 3073 Aquillio,
771 3005 802 3057 et
816 2998 919 3056 talibus
935 2999 1088 3067 vitiamur

224 3096 369 3170 cupidum,
397 3101 457 3155 tarn
480 3099 584 3165 audax,
609 3102 668 3155 tam
695 3098 878 3157 temerarium
901 3096 1087 3170 probabitur?

224 3194 303 3266 Quid
315 3197 389 3253 baec
412 3195 548 3260 amentia,
562 3195 631 3270 quid
651 3195 725 3254 haec
752 3195 909 3264 festinatio,
923 3197 991 3271 quid
1013 3197 1085 3273 haec

223 3290 411 3372 immaturitas
425 3297 506 3350 tanta
518 3291 688 3366 significat?
707 3312 766 3351 non
787 3292 870 3352 vim?
889 3311 947 3351 non
971 3293 1086 3354 scelus?

223 3405 283 3446 non
303 3389 505 3449 latrocinium?
524 3409 583 3449 non
610 3391 736 3466 denique
757 3392 855 3450 omnia
877 3391 981 3465 potius,
1000 3410 1085 3468 quam

216 3487 278 3560 jus,
305 3504 389 3560 quam
409 3489 542 3558 officium,
567 3481 651 3564 quam
675 3488 832 3562 pudorem?
852 3490 948 3547 Mittis
974 3491 1085 3563 inJussu

222 3585 373 3660 praetoria.
387 3585 594 3660 quoconsilio?
606 3587 752 3660 jussurum
763 3586 897 3646 sciebas?
917 3587 1005 3664 quid?
1019 3603 1086 3644 curn

214 3683 361 3759 jussisset,
385 3688 445 3741 tum
469 3685 582 3742 mittere
603 3703 700 3742 nonne
724 3685 858 3760 poteras?
889 3688 1085 3744 Postulaturus

222 3800 295 3839 eras.
339 3780 484 3854 Quando?
503 3782 642 3857 postdies
662 3802 735 3842 xxx.
776 3786 893 3859 Nempe
913 3784 939 3841 si
962 3788 992 3839 tc
1012 3782 1086 3839 nihil

258 3898 329 3938 von.
350 3899 392 3937 ιι.
656 3885 674 3938 6
