2700 4675
292 575 358 635 ,203
633 570 668 622 itt
682 566 825 619 vnnnntt

295 718 442 777 nobilitati
462 717 668 777 restitueretur.
710 716 820 791 Quodsi
843 712 927 772 illinc
953 708 1057 771 incide
1081 713 1173 787 proin·

294 816 395 890 gisem,
408 824 507 876 tamen
520 818 576 876 ista
590 823 639 878 tua
658 817 725 891 luga
745 814 865 883 nelarie,
889 811 1018 886 proditio
1042 811 1171 870 consulis

294 915 346 983 tui,
370 920 512 974 scelerata
533 917 723 990 judicaretur.
777 914 873 971 Melus
899 910 986 978 civis,
1021 909 1168 983 improbus

293 1016 403 1082 consul,
416 1014 569 1071 seditiosus
583 1015 670 1070 bomo
685 1014 741 1071 Cn.
757 1013 853 1069 Carbo
865 1009 926 1065 luit.
969 1007 1076 1066 Fuerit
1086 1008 1167 1065 allis:

294 1110 347 1167 tibi
361 1111 476 1184 quando
499 1129 563 1167 esse
583 1107 709 1183 coepit?
729 1114 916 1183 posteaquam
931 1105 985 1163 tibi
999 1105 1166 1179 pecuniam,

292 1225 353 1266 rem
366 1208 589 1275 frumentariam,
603 1207 730 1265 rationes
744 1224 845 1263 omnes
865 1223 933 1262 suas
946 1205 1165 1278 exercitumque

292 1306 447 1365 commisit.
489 1309 567 1365 Nam
581 1307 606 1364 si
631 1306 686 1364 tibi
699 1312 786 1362 antea
795 1303 1012 1378 displicuisset:
1033 1303 1109 1361 idem
1122 1301 1162 1360 lo

292 1405 392 1473 cissos,
413 1407 489 1481 quod
512 1423 590 1463 anno
613 1410 679 1480 post
702 1404 746 1461 Μ.
761 1403 839 1461 Piso.
883 1402 1031 1475 Quaestor
1040 1417 1106 1480 cum
1121 1401 1159 1460 L.

293 1504 428 1577 Scipioni
451 1505 565 1562 consuli
587 1504 758 1579 obtigisset3
786 1520 846 1559 non
873 1500 971 1575 attigit
999 1500 1161 1575 pecuniam,

291 1617 349 1657 non
364 1603 401 1658 nd
426 1604 587 1659 exercitum
610 1604 752 1675 protectus
777 1606 830 1682 est.
851 1601 927 1674 quod
950 1601 987 1657 de
1016 1600 1163 1673 republica

290 1698 391 1767 sensit,
405 1699 447 1755 ita
461 1699 561 1767 sensit,
575 1706 607 1756 ut
627 1718 683 1757 nec
708 1701 794 1756 fidem
808 1681 898 1766 snam,
912 1715 968 1756 nec
981 1716 1093 1757 morem
1107 1715 1162 1756 ma·

240 1803 277 1867 15
284 1796 392 1869 josum,
404 1815 459 1855 nec
473 1798 720 1855 necessitudinem
738 1798 823 1855 sortis
837 1799 974 1854 laederet.
1016 1795 1163 1856 ³'Etenim

290 1896 316 1952 si
331 1896 405 1954 haec
420 1898 584 1971 perturbare
598 1897 705 1964 omnin,
720 1902 749 1953 et
763 1897 937 1970 permiscere
952 1897 1103 1967 volumus;
1124 1904 1161 1955 to·

291 1999 352 2052 tam
369 1996 462 2053 vitam
484 1996 883 2070 periculosemrinvidiosnm
895 1996 1090 2071 infestamque
1105 1997 1162 2055 red·

290 2094 410 2163 demus;
431 2095 456 2151 si
481 2098 590 2152 nullam
611 2096 781 2169 religionem
806 2114 865 2151 sors
879 2093 1160 2164 habebit,³nullnm

288 2190 474 2246 sanctitatem
496 2193 667 2264 conjunctio
687 2195 831 2250 secundae
845 2192 1009 2267 dubiaeque
1023 2195 1159 2263 fortunae,

288 2287 398 2345 nullam
412 2287 612 2346 auctoritatem
633 2307 725 2347 mores
750 2297 835 2367 atque
859 2291 993 2349 instituta
1013 2293 1157 2368 majorum.

289 2387 427 2445 Omnium
441 2391 486 2444 est
509 2388 671 2445 communis
692 2389 837 2458 inimicus,
851 2391 900 2464 qni
912 2389 967 2446 tuit
981 2392 1076 2467 hostie
1100 2409 1158 2450 suo·

288 2505 361 2544 rum.
404 2489 501 2546 Nemo
525 2504 658 2562 umquam
683 2487 799 2560 sapiens
823 2487 961 2561 proditori
982 2492 1158 2553 credendum

286 2585 410 2657 putavit.
453 2587 519 2659 lpse
543 2587 633 2654 Sulla,
647 2586 696 2643 cui
714 2588 856 2643 adventus
877 2586 960 2643 istius
980 2588 1157 2660 gratissimus

288 2699 352 2737 esse
367 2682 475 2749 debuit,
501 2686 537 2738 ab
559 2702 590 2739 se
613 2684 769 2751 hominem,
794 2690 879 2758 atque
901 2686 938 2741 ab
959 2687 1097 2744 exercitu
1109 2705 1157 2744 suo

288 2777 432 2837 removit:
455 2780 622 2838 Beneventi
645 2801 708 2839 esse
723 2782 813 2854 jussit
840 2784 914 2856 apud
938 2800 999 2851 eos,
1014 2803 1086 2860 quos
1100 2785 1153 2842 suis

286 2878 413 2952 partibus
438 2879 628 2937 amicissimos
642 2899 705 2936 esse
720 2879 920 2954 intelligebat:
941 2881 993 2938 ubi
1015 2883 1073 2940 iste
1087 2900 1156 2942 sum·

285 2995 349 3035 mae
364 2979 406 3036 rei
420 2998 581 3054 causaeque
592 2998 698 3037 nocere
713 2979 786 3037 nibil
801 2985 906 3052 posset.
927 2979 957 3036 ei
967 2987 1072 3053 postea
1081 3001 1156 3057 prae·

312 3128 336 3158 ³2
350 3128 449 3184 Etenim,
460 3132 514 3190 etc]
546 3131 589 3176 Hic
599 3136 633 3177 est
652 3133 777 3194 exemplum
789 3133 872 3179 termae
881 3133 935 3190 ejus,
946 3148 1015 3195 qnam
1024 3136 1083 3183 alibi
1092 3137 1156 3183 ndno

282 3183 385 3288 {avibssfflb
396 3201 446 3232 cum
455 3187 602 3256 interponitur
611 3192 723 3236 conclusio
733 3191 843 3260 interduo
853 3197 983 3249 argumente
994 3213 1000 3238 :
1017 3194 1045 3240 si
1052 3195 1157 3265 deotper-

278 3248 972 3364 tt:.·.·;2·tttt²tt.²’:tttmbsitbtttt
998 3254 1156 3373 ababli

280 3360 413 3408 sumnum
422 3361 492 3408 edidit
502 3361 611 3410 Graevius
620 3364 757 3420 insidiosam,
767 3367 826 3427 quod
836 3366 894 3414 Mes.
910 3367 1005 3428 quidam
1021 3369 1115 3425 babent,
1134 3372 1156 3417 e

281 3419 400 3468 Lambinus
410 3421 505 3482 primum
514 3421 592 3467 edidit.
614 3422 672 3468 Eud.
685 3423 710 3468 P.
722 3425 823 3471 Manutii
833 3431 857 3471 et
865 3425 919 3472 Ald.
931 3427 962 3473 N.
974 3431 1066 3475 tanturn
1075 3429 1156 3475 habent

277 3479 653 3540 periculosomiufestomqaaquod
669 3482 777 3540 optimum
792 3487 853 3544 puto.
885 3483 909 3529 Si
926 3485 1063 3532 altemtrnm
1083 3486 1154 3533 iant

279 3541 319 3583 aut
336 3538 403 3584 insid.
421 3538 563 3595 deligendum
578 3538 614 3592 sit,
631 3539 672 3582 hoc
690 3555 740 3586 cum
756 3541 855 3588 Graevio
874 3557 1038 3603 sequanum
1059 3546 1155 3592 atterum

279 3597 346 3654 plane
354 3597 451 3643 alienum
458 3601 499 3642 est.
533 3598 559 3642 ln
574 3597 714 3656 sequentibus
728 3600 744 3657 t.
761 3603 796 3646 39.
809 3601 844 3646 his
853 3601 996 3662 respondent,
1007 3605 1105 3661 mnan,
1116 3616 1158 3651 ns·

279 3659 322 3711 tue,
329 3657 463 3712 periodum.

309 3735 332 3767 ³³
346 3735 562 3782 nallnmsooietctem
579 3733 723 3798 onumen]
755 3738 806 3784 Hoc
820 3736 991 3785 estnbnurdum'.
1025 3740 1048 3785 J.
1061 3740 1090 3787 P.
1102 3741 1157 3789 (iro-

278 3792 357 3839 novius
366 3795 460 3842 mrrexit
472 3795 617 3846 samsonem,
628 3794 687 3852 quod
697 3797 778 3858 recepi,
787 3797 867 3845 eodem
875 3802 899 3845 et
907 3798 1001 3846 torem
1009 3797 1093 3859 ruderi
1110 3812 1157 3857 nm

279 3851 392 3909 quentiae
401 3853 565 3921 emendationes
579 3854 683 3913 receptae
692 3857 750 3904 sunt.
