2700 4675
515 515 518 522 ’
563 533 741 598 olvlns'rso.
1033 540 1093 599 149

224 679 438 743 molestissima.
474 678 1092 755 Quamobremnihildiccdemecingenic:

226 799 321 855 neque
344 786 399 847 eat,
421 782 498 855 quod
523 781 631 853 possim
653 780 770 837 dicere:
791 795 894 853 neque,
914 776 1094 845 siessetdi-

226 894 333 935 cerem.
354 881 406 934 aut
432 877 512 936 enim
524 877 556 934 id
577 877 650 934 mibi
672 876 743 940 satia
763 876 907 950 estquod
930 875 1025 933 estde
1048 892 1095 934 me
1195 931 1200 938 ,

226 975 384 1049 opinionis,
394 974 532 1050 quidquid
542 978 603 1032 est:
614 979 672 1042 aut,
685 973 711 1036 u
723 972 754 1031 id
763 989 864 1047 parum
875 979 929 1042 est,
937 990 994 1049 ego
1003 972 1096 1047 majus

227 1072 260 1130 id
269 1074 523 1132 commemorando
530 1072 627 1138 tacere
639 1090 699 1134 uon
709 1089 834 1145 possum.
873 1072 975 1142 Dete,
990 1072 1147 1135 ossei-12

227 1169 260 1237 li,
268 1168 334 1242 jana
351 1172 514 1255 mehercule
532 1172 598 1240 boc,
611 1176 695 1231 extra
707 1172 785 1230 banc
798 1172 1019 1232 contentionem
1031 1188 1093 1230 cer·

227 1272 380 1344 &meaque
392 1267 413 1302 ¹⁸
431 1275 567 1339 nostrum,
587 1269 768 1331 familiariter
780 1274 878 1328 mum
890 1272 998 1345 loquar.
1040 1270 1093 1328 'uu

227 1364 291 1440 ipse
298 1368 535 1442 quemadmodum
544 1368 705 1435 existimes,
716 1368 786 1425 vide
795 1368 885 1425 etiarn
894 1372 980 1443 atque
993 1367 1095 1443 etiam,

223 1469 255 1527 et
268 1470 298 1523 tu
309 1470 338 1524 te
351 1467 474 1540 collige:
497 1471 528 1525 et
545 1467 595 1541 qui
607 1466 657 1534 sis,
672 1465 785 1541 etquid
802 1465 899 1524 lacere
913 1464 1015 1538 possis,
1025 1481 1094 1522 con·

223 1563 328 1626 sidera
362 1564 499 1633 Putasne,
508 1570 538 1622 te
548 1582 632 1639 posse
642 1566 680 1623 de
693 1564 830 1622 maximis
844 1562 1095 1639 acerbissimisque

222 1666 316 1733 rebus,
329 1682 397 1722 cum
408 1681 528 1728 causans
542 1666 695 1733 sociorum,
713 1666 897 1740 fortunasque
910 1662 1091 1739 provinciae,

215 1762 267 1835 jus
285 1763 385 1835 populi
398 1763 534 1832 Romani,
547 1763 722 1836 gravitatem
740 1763 848 1837 judicii
867 1765 1020 1841 legumque
1032 1784 1092 1824 sus·

224 1860 347 1931 ceperis,
360 1864 404 1917 tot
416 1878 471 1927 res,
481 1866 541 1918 tam
558 1877 672 1934 graves,
692 1866 754 1918 tam
763 1860 870 1927 varim,
887 1878 973 1929 voce,
985 1880 1092 1922 memo·

225 1956 279 2023 ria,
302 1956 436 2022 consilio,
456 1956 585 2030 ingenio,
598 1954 761 2014 sustinere?
793 1956 932 2024 Putasne,
951 1963 981 2015 te
999 1977 1097 2031 posse,

226 2070 301 2127 quae
316 2053 352 2110 0.
369 2053 479 2110 Verres
490 2054 524 2110 in
536 2058 698 2128 quaestura,
718 2069 792 2128 quae
805 2053 838 2113 in
851 2054 1007 2129 legatione,
1020 2074 1094 2132 quae

224 2149 257 2208 in
284 2154 425 2224 praetura,
448 2169 522 2227 quse
545 2152 667 2220 Romae,
694 2169 768 2227 quae
787 2152 819 2211 in
848 2152 945 2222 ltalia,
971 2172 1045 2230 quae
1060 2155 1094 2213 in
1143 2137 1201 2236 '⁰

226 2248 352 2321 Achaia,
375 2249 458 2318 Asia,
482 2250 702 2326 Pamphiliaque
722 2249 878 2325 l”patrarit
894 2270 939 2320 ea,
958 2255 1093 2330 quemad·

222 2350 341 2410 modum
350 2349 423 2409 locis
440 2351 671 2425 temporibusque
681 2350 777 2408 divisa
789 2352 858 2419 sint,
866 2351 910 2409 sic
923 2352 1092 2417 criminibus

222 2452 254 2507 et
266 2449 397 2507 oratione
416 2445 615 2521 distinguere?
637 2446 658 2478 ²⁰
669 2449 796 2504 Putasne
819 2465 916 2520 posse,
929 2448 960 2505 id
972 2451 1049 2522 quod
1060 2449 1094 2508 in

224 2545 368 2617 ejusmodi
381 2563 431 2602 reo
441 2545 568 2602 maxime
581 2545 777 2601 necessarium
787 2549 841 2612 est,
859 2545 965 2612 tacere,
978 2549 1010 2602 ut
1020 2563 1094 2621 quae

225 2639 278 2704 ille
289 2637 455 2709 libidinose,
465 2659 537 2716 quae
548 2640 667 2709 nelarie,
679 2658 751 2715 quae
764 2642 921 2700 crudeliter
933 2643 1043 2713 lecerit,
1057 2661 1096 2703 ea

223 2761 317 2818 aeque
333 2742 438 2799 acerbe
451 2744 482 2797 et
494 2740 615 2814 indigna
638 2739 792 2798 videantur
808 2759 873 2798 esse
886 2741 934 2810 iis,
945 2743 994 2817 qui
1014 2744 1096 2803 audi·

223 2848 285 2910 ont,
299 2844 386 2915 atque
398 2838 459 2896 illis
472 2839 537 2896 visa
550 2841 626 2904 sunt,
642 2838 691 2912 qui
712 2836 883 2897 senserunt?
904 2840 1014 2915 Magna
1025 2845 1093 2899 sunt

223 2958 270 3009 ea,
290 2957 364 3014 quae
389 2938 466 3006 dico,
494 2937 567 2996 mibi
593 2938 696 2994 crede:
717 2936 779 2993 noli
799 2938 873 2994 baec
896 2944 1093 3001 contemnere.

223 3040 358 3107 dicenda,
371 3038 604 3105 demonstranda,
615 3036 793 3111 explicanda
801 3040 868 3094 sunt
878 3037 990 3096 omnia:
1004 3055 1093 3098 causa

223 3155 285 3197 non
303 3139 395 3194 solum
408 3131 590 3210 exponenda,
608 3137 660 3194 sed
674 3135 764 3194 etiam
776 3136 905 3211 graviter
917 3136 1091 3214 copioseque

255 3289 403 3348 mmmmm]
432 3288 540 3335 Graevius
555 3288 642 3335 addidit
661 3294 691 3336 est
709 3304 723 3336 e
741 3289 789 3337 Ms.
807 3291 887 3337 Franc.
905 3294 932 3337 ut
946 3290 989 3338 ista
1006 3293 1050 3340 sint
1068 3292 1093 3338 in

223 3345 352 3408 parenthesi
361 3346 476 3404 dictajam
489 3372 500 3381 -
512 3351 613 3393 murum
622 3351 658 3394 est.
690 3349 744 3394 Non
751 3350 826 3410 placet
834 3349 889 3396 mihi
898 3349 994 3411 quidem

254 3423 396 3483 mmmm]
411 3422 520 3471 Graevius
536 3424 621 3486 recepit
634 3427 730 3481 peccarit
747 3427 833 3473 elibris
861 3427 977 3474 uibusdam
992 3427 1090 3487 scriptis:

226 3481 307 3545 quibus
318 3480 477 3529 eonsentitliu.
508 3481 832 3540 MihiutGrutero,pctrmit
914 3486 1050 3532 'evidetur

255 3560 280 3592 ³⁰
287 3559 388 3628 Putaqm
398 3559 474 3628 posse]
489 3559 663 3607 Hotomannnse
672 3560 734 3608 libris
743 3562 827 3610 duobus
832 3563 919 3610 addidit
929 3569 955 3618 te,
963 3565 1093 3620 secutisque

222 3617 505 3666 esteumahlsliraevms.
536 3618 627 3669 Quiaid
642 3632 688 3666 non
704 3624 739 3668 est
753 3622 905 3680 necessarium,
919 3636 970 3668 cum
986 3619 1093 3676 sotejam

222 3677 252 3726 sit
262 3681 283 3725 te
289 3690 357 3733 posse,
368 3689 414 3722 non
422 3690 470 3724 sum
480 3675 578 3724 imitatis
587 3676 714 3725 Graevium.

262 3796 334 3836 von.
356 3795 398 3834 rr.
619 3780 656 3834 15
668 3777 688 3816 ὓ
