2700 4675
468 561 539 614 uer.
557 560 587 613 rt.
603 562 700 614 urana
714 558 845 610 ramus.
1025 559 1089 620 28ss

219 709 280 772 lum
298 706 518 779 ⁷⁵concitarant
529 714 681 769 consulum
691 709 795 767 litteris
810 704 976 765 evocandos
990 719 1089 760 curare
1145 772 1149 786 Ι,

221 804 369 879 oportuit?
390 809 500 883 Nuper,
515 809 558 867 M.
575 811 698 867 Aurelio
710 810 820 864 Scauro
831 805 1003 876 postulante,
1016 800 1092 874 quod

221 903 372 977 isEphesi
386 923 417 961 se
431 911 612 980 quaestorem
634 906 667 962 vi
686 903 859 978 prohibitum
881 888 945 958 esse
966 899 1092 966 dicebat,

222 1018 280 1076 quo
301 1002 395 1060 minus
408 1022 426 1060 e
440 1004 509 1061 sano
526 1005 642 1062 Dianae
663 1019 780 1059 servom
801 1018 892 1069 suum,
905 999 955 1075 qui
975 997 1007 1056 in
1020 998 1093 1055 illud

222 1102 337 1173 asylum
368 1101 554 1176 confugisset,
578 1102 749 1158 abduceret:
783 1099 912 1157 Pericles
938 1096 1092 1172 Ephesius.

224 1197 313 1253 bomo
327 1199 529 1268 nobilissimus,
544 1200 667 1258 Romam
681 1203 820 1256 evocatus
834 1204 888 1265 est,
901 1198 977 1273 quod
991 1202 1091 1255 auctor

224 1294 348 1368 injuriae
361 1296 438 1354 iltius
453 1298 541 1356 tuisse
563 1303 746 1372 argueretur:
767 1303 808 1363 tu,
821 1297 847 1353 si
861 1302 890 1353 te
911 1298 1038 1368 legatum
1050 1295 1093 1350 ita

224 1394 380 1467 Lampsaci
404 1402 556 1454 tractatum
579 1415 653 1465 esse,
673 1400 807 1452 senatum
829 1394 986 1459 docuisses,
1005 1395 1037 1448 ut
1049 1390 1093 1447 tui

223 1492 345 1550 comites
360 1498 589 1562 vulnerarentur,
596 1495 683 1551 lictor
695 1493 886 1558 occideretur,
897 1491 958 1565 ipse
971 1490 1092 1547 circum·

223 1607 316 1647 sessus
330 1609 424 1664 paene
439 1593 648 1650 incenderem:
668 1592 730 1665 ejus
754 1596 850 1648 autem
863 1590 905 1647 rei
924 1588 945 1620 ⁷⁶
955 1590 1043 1646 duces
1061 1591 1092 1645 et

224 1693 354 1745 auctores
369 1695 399 1747 et
412 1691 557 1765 principes
571 1691 669 1758 tuisse,
682 1707 752 1764 quos
762 1689 874 1756 scribis,
889 1688 1093 1761 Themistago-

225 1807 287 1848 ram
311 1791 342 1845 et
362 1788 554 1848 Thessalum:
585 1790 731 1863 quianon
755 1784 1005 1846 commoveretur?
1029 1786 1092 1861 quis

225 1907 285 1948 non
299 1896 338 1945 e'x
351 1888 466 1962 injuria,
485 1905 558 1961 quae
574 1886 628 1943 tibi
641 1891 719 1943 esset
738 1886 824 1952 tacta,
837 1885 893 1941 sibi
907 1880 1093 1957 provideret?

226 1988 289 2062 quis
304 2004 364 2044 non
377 1986 409 2042 in
423 2001 458 2040 ea
472 2002 503 2040 re
521 1999 640 2041 causam
659 1988 748 2049 tuam,
760 1982 920 2054 periculum
940 1998 1093 2038 commune

225 2086 275 2158 agi
289 2077 492 2140 arbitraretur?
513 2080 632 2137 Etenim
647 2096 753 2136 nomen
773 2080 863 2152 legati
876 2079 1017 2152 ejusmodi
1029 2096 1093 2136 esse

224 2183 321 2248 debet,
337 2180 413 2255 qnod
427 2195 485 2235 non
499 2179 585 2236 modo
603 2178 679 2235 inter
692 2176 835 2236 sociomm
849 2177 925 2252 jura,
938 2179 990 2237 sed
1004 2178 1093 2238 etiam

227 2280 304 2339 iuter
317 2278 442 2338 bostium
455 2279 515 2335 tela
528 2278 672 2335 incolume
688 2282 826 2335 versetur.

266 2379 408 2452 Magnum
427 2379 483 2435 hoc
504 2379 736 2449 Lampsacenum
762 2377 874 2433 crimen
894 2382 940 2434 est
963 2377 1092 2435 libidinis
1103 2373 1146 2431 34

224 2481 310 2552 atque
330 2475 558 2550 improbissimae
569 2473 746 2545 cupiditatis.
767 2474 894 2545 accipite
908 2491 985 2531 nunc
999 2475 1094 2530 avari·

224 2574 285 2632 tiae
297 2573 503 2647 propemodum
515 2571 547 2627 in
560 2587 612 2627 suo
625 2587 732 2644 genere
747 2587 805 2627 non
816 2571 919 2627 levius.
962 2571 1094 2629 Milesios

225 2689 336 2731 navem
355 2668 496 2743 poposcit,
514 2685 587 2742 quae
607 2684 673 2724 eum
693 2667 828 2740 praesidii
848 2685 936 2726 causa
950 2669 1094 2743 Myndum

224 2772 452 2844 prosequeretur.
494 2766 543 2824 liti
562 2765 660 2822 statim
679 2783 884 2841 myoparonem
897 2768 1043 2842 egregium
1057 2771 1094 2826 dc

226 2885 279 2926 sua
299 2870 402 2935 classe,
416 2871 548 2923 ornatum
565 2870 651 2939 atque
675 2869 816 2922 armatum
836 2867 985 2923 dederunt.
1027 2869 1095 2926 Hoc

227 2966 371 3039 praesidio
385 2965 529 3039 Myndum
543 2964 686 3038 profectus
700 2968 754 3020 est.
788 2965 816 3020 N
819 2981 875 3030 am,
888 2964 956 3037 quid
971 2964 1095 3024 Milesiis

229 3065 314 3122 lanae
327 3065 460 3139 publicae
473 3064 631 3126 abstulerit,
643 3063 715 3121 item
725 3063 762 3119 de
775 3068 870 3119 sumtu
882 3063 914 3120 in
927 3065 1094 3136 adventum,

225 3161 263 3218 de
283 3162 466 3219 contumeliis
486 3167 516 3219 et
539 3161 652 3237 injuriis
673 3161 706 3218 in
725 3161 923 3236 magistratum
936 3163 1093 3235 Milesium,

260 3312 284 3345 '⁶⁵
300 3312 453 3380 commeent]
484 3313 550 3360 Bene.
582 3315 628 3360 Sed
637 3314 687 3361 edd.
699 3329 732 3375 pr.
743 3313 767 3360 'et
776 3319 831 3362 vett.
843 3316 988 3374 madesmei,
999 3318 1059 3363 aliae
1068 3323 1094 3365 ut

228 3371 279 3419 Ma.
288 3369 333 3415 Gu.
345 3373 484 3416 ammiscent.
509 3372 662 3418 Hotomannus
671 3373 939 3431 corrigendumjudicavit
949 3377 1093 3433 maritarunt,

229 3431 298 3490 idque
314 3428 397 3473 dudum
408 3433 528 3487 receptum.
545 3444 596 3474 nam
614 3429 645 3474 sie
660 3430 758 3477 latinitas
772 3433 877 3492 postulat.
909 3435 970 3493 Ergo
978 3440 1002 3480 et
1011 3435 1034 3480 in
1044 3435 1094 3481 aliis

224 3485 334 3546 exemplis
345 3484 376 3531 aie
386 3486 458 3531 tacere
468 3486 549 3543 beabit,
560 3487 628 3538 immo
636 3488 756 3547 oportebit.

257 3565 280 3598 76
295 3564 504 3624 ducesetuetpr]
537 3565 595 3610 Edd.
608 3580 641 3625 pr.
654 3565 700 3611 Ma.
713 3566 1011 3627 Guetouctrrespra'ncipes
1034 3568 1094 3627 quod

225 3626 309 3687 placet.
341 3621 391 3689 Ego
399 3625 474 3690 tamen
483 3621 559 3667 malim
567 3623 641 3678 dures,
651 3628 750 3670 auctum
759 3631 779 3671 et
787 3627 909 3684 principer:
925 3643 977 3674 nam
986 3603 1047 3674 milla
1058 3625 1094 3669 bic

226 3698 276 3730 esse
284 3684 359 3742 potest
370 3695 404 3725 vrs
411 3694 435 3725 rn
442 3681 522 3740 copula
532 3682 653 3750 repetenda
663 3701 668 3726 :
684 3687 708 3728 et
716 3683 804 3730 dixisset
814 3691 833 3731 α
842 3687 864 3732 d.
877 3693 897 3732 et
906 3703 926 3732 a.
938 3692 958 3731 et
972 3702 1007 3742 pr.
1020 3684 1038 3730 si
1049 3682 1094 3728 vim

225 3741 318 3847 ffitoe'
336 3737 417 3798 copula
430 3739 558 3799 repetenda,
573 3740 687 3787 volursset.
703 3756 744 3789 mo
761 3744 809 3806 quis
825 3752 850 3793 et
865 3747 961 3794 alterum
977 3748 999 3791 et
1016 3741 1095 3789 delere

271 3832 343 3921 rou.
364 3877 406 3918 rr.
463 3939 469 3952 .
644 3858 710 3917 22*

378 3972 381 3978 ·
445 3965 463 3995 Ι
