2700 4675
161 527 196 573 vr
486 504 707 562 PRAEFATIO·
719 503 724 510 “

161 663 335 726 orationum
359 684 419 727 non
445 669 495 725 est
518 664 558 725 ad
584 662 736 748 temporis
762 658 898 724 rationes
913 661 1043 739 iactus,

162 749 372 833 clauduntque
386 770 495 832 agmen
502 749 656 813 Verrinae
669 756 703 811 et
715 746 924 833 Philippicae.
955 746 1039 811 Hac

162 835 298 898 editione
312 836 464 898 neminem
480 855 598 911 eorum,
614 835 667 918 qui
685 833 825 896 criticam
840 852 972 917 operam
982 834 1039 895 his

162 921 354 983 orationibus
386 929 547 996 naverunt,
579 942 668 983 usum
699 918 814 1004 reperi.
861 917 945 979 Nam
977 920 1039 1001 qui

162 1007 292 1091 primam
305 1026 412 1067 earum
427 1005 598 1068 editionum
614 1011 795 1079 memorant,
805 1002 1038 1067 Waldarieria·

162 1112 233 1153 nam
255 1090 438 1171 intelligunt,
462 1097 515 1153 aut
530 1091 665 1172 aliquam
680 1111 698 1152 e
714 1089 856 1174 proxime
873 1090 1038 1171 sequenti-

162 1175 234 1238 bus.
282 1175 416 1238 Omnino
432 1176 576 1260 exempla
592 1175 735 1237 Romana
750 1196 791 1236 ex
806 1174 918 1237 eadem
932 1174 1037 1237 offici·

162 1282 204 1323 na
227 1261 372 1342 neglecta
392 1262 498 1346 reperi
523 1261 618 1323 etiam
636 1260 666 1322 in
685 1259 900 1347 Epistolarum
922 1279 1038 1323 recen·

163 1347 261 1421 sione,
287 1368 359 1409 cum
383 1348 413 1411 in
436 1369 473 1409 ea
495 1353 583 1432 parte
599 1367 731 1431 operum
752 1344 1038 1408 Ciceronianorum

162 1433 298 1496 omnium
314 1433 548 1517 diligentissime
571 1432 738 1495 laborarint
758 1430 881 1505 Critioi,
897 1430 1038 1494 nomina-

163 1518 218 1579 tim
234 1520 410 1594 Victorius,
433 1527 467 1582 ut
491 1520 520 1581 in
543 1518 735 1603 praefatione
756 1516 796 1577 ad
818 1536 887 1578 eam
909 1524 1037 1601 partem

164 1602 465 1678 demonstrabimus3
499 1605 567 1665 sive
592 1603 774 1683 ignorabant
800 1600 850 1663 illa
875 1602 1037 1687 exempla,

165 1688 232 1751 siue
249 1688 386 1750 nancisci
402 1690 442 1750 ad
458 1710 532 1750 usus
553 1709 626 1750 suos
649 1709 711 1750 non
726 1694 880 1771 poteraut,
897 1686 964 1749 sive
981 1687 1038 1748 ali·

163 1794 226 1855 qua
252 1774 291 1836 de
319 1794 414 1835 causa
438 1774 682 1836 dissimulabant.
729 1772 810 1835 Mihi
833 1792 925 1834 usum
937 1771 1037 1854 hujus

163 1859 300 1944 exempli
338 1860 415 1921 fecit
456 1859 684 1932 lllermunnus,
722 1858 849 1921 illustris
888 1856 1037 1920 Gerordi

165 1941 356 2009 Mermouni
371 1945 452 2008 filius
468 1945 603 2029 optimae
620 1945 701 2029 spei,
717 1964 735 2005 e
751 1943 961 2006 bibliothecae
980 1963 1038 2028 pa·

164 2039 270 2094 ternae
288 2032 398 2118 copiis.

208 2117 344 2191 Eodem,
365 2139 428 2200 quo
447 2118 566 2181 Romae
583 2117 668 2179 sacta
684 2124 733 2178 est
748 2114 845 2177 editio
861 2114 921 2189 illa,
942 2134 1036 2191 auno,

165 2200 249 2261 idem
265 2202 328 2281 egit
344 2201 533 2264 Ludovicus
558 2200 668 2264 Carbo
686 2200 844 2275 Venetiis,
866 2200 896 2261 in
910 2198 1041 2261 officina.

171 2284 381 2371 Woldoqseri,
403 2308 483 2370 quae
508 2288 640 2372 primum
662 2287 723 2350 hoc
744 2295 811 2350 arte
838 2305 895 2348 sua
909 2285 1035 2369 experi-

165 2379 305 2436 mentum
328 2374 370 2435 ibi
394 2373 479 2448 fecit,
496 2374 640 2459 pulcrum
656 2373 857 2436 illudcharta
880 2378 913 2433 et
932 2371 1035 2433 litera-

165 2479 233 2521 rum
249 2459 369 2523 sonnis²
413 2459 488 2523 Fuit
519 2467 625 2522 autem
649 2457 760 2522 Carbo
786 2458 844 2532 vir,
869 2477 926 2541 pro
951 2454 1036 2518 illius

166 2546 315 2629 temporis
336 2546 440 2620 modo,
461 2553 495 2608 ut
516 2546 662 2608 traditum
682 2553 746 2619 est,¹
763 2542 887 2624 egregie
910 2541 1037 2616 doctus,

166 2629 263 2691 literis
279 2630 391 2705 latinis,
407 2631 624 2713 philosophiae
640 2638 734 2711 atque
751 2627 946 2708 Theologlae
962 2626 1038 2688 doc·

167 2713 265 2787 trinis,
298 2734 427 2795 quarum
464 2715 601 2775 omnium
637 2715 811 2788 doctorem,
841 2711 1039 2793 Theologiae

168 2797 295 2880 quidem
319 2797 358 2858 ad
385 2804 560 2861 extremum
584 2798 733 2861 Perusiae
757 2798 833 2878 egit.
879 2797 968 2860 Usus
984 2817 1037 2859 au·

168 2893 231 2945 tem
247 2890 296 2945 est
311 2883 463 2968 exemplis
485 2883 610 2968 scriptis
634 2883 846 2969 paucioribus,
870 2902 962 2966 quam
977 2879 1036 2944 Jo.

168 2968 321 3031 Andreas
346 2968 477 3045 Romae,
503 2969 676 3052 obsuntque
704 2970 743 3030 ab
770 2969 863 3051 hujus
890 2967 1037 3030 editionis

168 3054 320 3137 exemplis
337 3055 492 3118 orationes
508 3074 566 3138 pro
587 3054 709 3117 Roscio
727 3052 901 3128 Comoedo,
919 3051 1042 3115 Fonte·

159 3140 212 3220 jo,
229 3136 381 3221 Agraria
399 3141 506 3213 tertio,
528 3139 664 3222 itemque
684 3160 731 3214 ea,
748 3159 840 3221 quam
855 3139 896 3200 ad
910 3138 1035 3221 equites

169 3222 284 3284 Cicero
300 3222 417 3286 dixisse
433 3225 601 3298 serebatur,
620 3223 778 3287 Verrinae
794 3233 887 3306 atque
904 3222 1036 3306 Phil-ip·

164 3309 270 3390 picae,
283 3329 363 3390 quae
379 3309 542 3392 sejunctae
558 3331 576 3370 a
591 3311 706 3372 ceteris
718 3310 910 3372 orationibus
920 3329 992 3372 esse
1003 3314 1038 3370 et

167 3392 303 3478 propriis
325 3394 532 3457 voluminibus
558 3395 653 3457 scribi
676 3403 858 3457 sueverant..
901 3395 963 3458 Est
985 3413 1038 3454 au·
1096 3438 1117 3473 φ,

168 3485 232 3540 tem
246 3477 308 3540 hoc
331 3481 508 3564 exemplum
532 3480 563 3542 in
584 3479 758 3543 nominibus
782 3480 921 3564 inprimis
944 3478 1038 3540 valde

168 3563 326 3639 vitiosum,
342 3564 478 3646 itemque
502 3564 531 3626 in
554 3566 622 3628 aliis
637 3565 756 3628 verbis.
805 3563 871 3627 Sed
892 3565 972 3628 iuter
987 3564 1040 3626 illa

167 3648 236 3732 ipsa
252 3648 330 3711 vitia
345 3649 458 3711 multae
475 3657 578 3713 tamen
593 3652 693 3714 bonae
709 3658 743 3713 et
765 3651 921 3726 meliores,
944 3669 1038 3733 quam

168 3731 199 3795 in
224 3736 376 3810 Romana,
402 3735 553 3799 lectiones
587 3737 797 3821 reperiuntur,
824 3744 918 3818 atque
945 3735 1039 3796 etiam

166 3817 243 3884 vitia
256 3819 423 3908 ejusmodi,
439 3820 470 3885 in
493 3822 608 3906 quihus
634 3843 729 3888 verae
746 3822 891 3886 lectionis
906 3818 1041 3902 vestigia
