<?xml version="1.0" encoding="UTF-8"?>
<!DOCTYPE html PUBLIC "-//W3C//DTD XHTML 1.0 Transitional//EN"
    "http://www.w3.org/TR/xhtml1/DTD/xhtml1-transitional.dtd">
<html xmlns="http://www.w3.org/1999/xhtml" xml:lang="en" lang="en">
 <head>
  <title>
</title>
<meta http-equiv="Content-Type" content="text/html;charset=utf-8" />
  <meta name='ocr-system' content='tesseract 3.04.00' />
  <meta name='ocr-capabilities' content='ocr_page ocr_carea ocr_par ocr_line ocrx_word'/>
</head>
<body>
  <div class='ocr_page' id='page_1' title='image "./mtvlliiciceroni04cicegoog_0020.png"; bbox 0 0 2700 4675; ppageno 0'>
   <div class='ocr_carea' id='block_1_1' title="bbox 251 572 782 659">
    <p class='ocr_par' dir='ltr' id='par_1_1' title="bbox 251 572 782 659">
     <span class='ocr_line' id='line_1_1' title="bbox 251 572 782 659; baseline -0.008 -27"><span class='ocrx_word' id='word_1_1' title='bbox 251 598 276 647; x_wconf 59' lang='grc' dir='ltr'>ι</span> <span class='ocrx_word' id='word_1_2' title='bbox 293 648 305 659; x_wconf 30' lang='lat' dir='ltr'><em>V</em></span> <span class='ocrx_word' id='word_1_3' title='bbox 558 572 782 632; x_wconf 59' lang='lat' dir='ltr'><strong>miliano,</strong></span> 
     </span>
    </p>
   </div>
   <div class='ocr_carea' id='block_1_2' title="bbox 197 724 1221 3916">
    <p class='ocr_par' dir='ltr' id='par_1_2' title="bbox 197 724 1128 1410">
     <span class='ocr_line' id='line_1_2' title="bbox 197 724 1128 818; baseline -0.011 -19"><span class='ocrx_word' id='word_1_4' title='bbox 197 793 200 799; x_wconf 91' lang='lat'><strong>.</strong></span> <span class='ocrx_word' id='word_1_5' title='bbox 251 729 406 796; x_wconf 76' lang='lat' dir='ltr'><strong>editiones</strong></span> <span class='ocrx_word' id='word_1_6' title='bbox 432 733 464 797; x_wconf 89' lang='lat' dir='ltr'><strong>in</strong></span> <span class='ocrx_word' id='word_1_7' title='bbox 483 732 608 818; x_wconf 89' lang='lat' dir='ltr'><strong>judicio</strong></span> <span class='ocrx_word' id='word_1_8' title='bbox 634 753 670 796; x_wconf 92' lang='lat' dir='ltr'><strong>ac</strong></span> <span class='ocrx_word' id='word_1_9' title='bbox 699 733 827 796; x_wconf 90' lang='lat' dir='ltr'><strong>delectu</strong></span> <span class='ocrx_word' id='word_1_10' title='bbox 852 728 1021 794; x_wconf 88' lang='lat' dir='ltr'><strong>lectionum</strong></span> <span class='ocrx_word' id='word_1_11' title='bbox 1047 724 1128 790; x_wconf 86' lang='lat' dir='ltr'><strong>nihil</strong></span> 
     </span>
     <span class='ocr_line' id='line_1_3' title="bbox 250 816 1126 904; baseline -0.008 -23"><span class='ocrx_word' id='word_1_12' title='bbox 250 819 397 904; x_wconf 86' lang='lat' dir='ltr'><strong>propriae</strong></span> <span class='ocrx_word' id='word_1_13' title='bbox 426 820 621 886; x_wconf 72' lang='lat' dir='ltr'><strong>auctoritatis</strong></span> <span class='ocrx_word' id='word_1_14' title='bbox 660 820 798 884; x_wconf 73' lang='lat' dir='ltr'><strong>habentr</strong></span> <span class='ocrx_word' id='word_1_15' title='bbox 836 838 909 881; x_wconf 88' lang='lat' dir='ltr'><strong>cum</strong></span> <span class='ocrx_word' id='word_1_16' title='bbox 938 816 1007 878; x_wconf 86' lang='lat' dir='ltr'><strong>illae</strong></span> <span class='ocrx_word' id='word_1_17' title='bbox 1037 820 1126 876; x_wconf 87' lang='lat' dir='ltr'><strong>totae</strong></span> 
     </span>
     <span class='ocr_line' id='line_1_4' title="bbox 250 898 1125 991; baseline -0.01 -21"><span class='ocrx_word' id='word_1_18' title='bbox 250 904 410 991; x_wconf 78' lang='lat' dir='ltr'><strong>pendeant</strong></span> <span class='ocrx_word' id='word_1_19' title='bbox 426 928 444 969; x_wconf 91' lang='lat' dir='ltr'><strong>e</strong></span> <span class='ocrx_word' id='word_1_20' title='bbox 460 907 712 972; x_wconf 82' lang='lat' dir='ltr'><strong>Waldarieriana</strong></span> <span class='ocrx_word' id='word_1_21' title='bbox 733 915 766 971; x_wconf 87' lang='lat' dir='ltr'><strong>et</strong></span> <span class='ocrx_word' id='word_1_22' title='bbox 788 902 963 969; x_wconf 83' lang='lat' dir='ltr'><strong>Brixiensi:</strong></span> <span class='ocrx_word' id='word_1_23' title='bbox 988 898 1074 985; x_wconf 91' lang='lat' dir='ltr'><strong>quod</strong></span> <span class='ocrx_word' id='word_1_24' title='bbox 1089 907 1125 962; x_wconf 90' lang='lat' dir='ltr'><strong>et</strong></span> 
     </span>
     <span class='ocr_line' id='line_1_5' title="bbox 251 987 1125 1076; baseline -0.007 -23"><span class='ocrx_word' id='word_1_25' title='bbox 251 990 305 1053; x_wconf 84' lang='lat' dir='ltr'><strong>vel</strong></span> <span class='ocrx_word' id='word_1_26' title='bbox 318 990 392 1054; x_wconf 91' lang='lat' dir='ltr'><strong>inde</strong></span> <span class='ocrx_word' id='word_1_27' title='bbox 407 999 506 1076; x_wconf 86' lang='lat' dir='ltr'><strong>patet,</strong></span> <span class='ocrx_word' id='word_1_28' title='bbox 544 993 610 1056; x_wconf 89' lang='lat' dir='ltr'><strong>uod</strong></span> <span class='ocrx_word' id='word_1_29' title='bbox 623 994 655 1056; x_wconf 89' lang='lat' dir='ltr'><strong>iu</strong></span> <span class='ocrx_word' id='word_1_30' title='bbox 670 993 777 1056; x_wconf 88' lang='lat' dir='ltr'><strong>tabula</strong></span> <span class='ocrx_word' id='word_1_31' title='bbox 790 991 963 1055; x_wconf 86' lang='lat' dir='ltr'><strong>orationum</strong></span> <span class='ocrx_word' id='word_1_32' title='bbox 977 987 1056 1051; x_wconf 88' lang='lat' dir='ltr'><strong>ordo</strong></span> <span class='ocrx_word' id='word_1_33' title='bbox 1072 992 1125 1048; x_wconf 88' lang='lat' dir='ltr'><strong>est</strong></span> 
     </span>
     <span class='ocr_line' id='line_1_6' title="bbox 251 1071 1124 1159; baseline -0.005 -22"><span class='ocrx_word' id='word_1_34' title='bbox 251 1075 347 1151; x_wconf 90' lang='lat' dir='ltr'><strong>idem,</strong></span> <span class='ocrx_word' id='word_1_35' title='bbox 373 1077 426 1159; x_wconf 91' lang='lat' dir='ltr'><strong>qui</strong></span> <span class='ocrx_word' id='word_1_36' title='bbox 453 1077 484 1140; x_wconf 91' lang='lat' dir='ltr'><strong>in</strong></span> <span class='ocrx_word' id='word_1_37' title='bbox 551 1122 559 1138; x_wconf 86' lang='lat'><strong>.</strong></span> <span class='ocrx_word' id='word_1_38' title='bbox 584 1079 628 1141; x_wconf 85' lang='grc' dir='ltr'><strong>Α.</strong></span> <span class='ocrx_word' id='word_1_39' title='bbox 646 1085 680 1141; x_wconf 90' lang='lat' dir='ltr'><strong>et</strong></span> <span class='ocrx_word' id='word_1_40' title='bbox 695 1078 737 1141; x_wconf 73' lang='lat' dir='ltr'><strong>G.</strong></span> <span class='ocrx_word' id='word_1_41' title='bbox 754 1087 787 1144; x_wconf 86' lang='lat' dir='ltr'><strong>et</strong></span> <span class='ocrx_word' id='word_1_42' title='bbox 802 1078 969 1151; x_wconf 86' lang='lat' dir='ltr'><strong>orationes,</strong></span> <span class='ocrx_word' id='word_1_43' title='bbox 985 1093 1066 1156; x_wconf 91' lang='lat' dir='ltr'><strong>quae</strong></span> <span class='ocrx_word' id='word_1_44' title='bbox 1082 1071 1124 1134; x_wconf 90' lang='lat' dir='ltr'><strong>ab</strong></span> 
     </span>
     <span class='ocr_line' id='line_1_7' title="bbox 252 1160 1125 1249; baseline -0.003 -27"><span class='ocrx_word' id='word_1_45' title='bbox 252 1160 291 1223; x_wconf 85' lang='lat' dir='ltr'><strong>iis</strong></span> <span class='ocrx_word' id='word_1_46' title='bbox 307 1160 431 1240; x_wconf 88' lang='lat' dir='ltr'><strong>absunt,</strong></span> <span class='ocrx_word' id='word_1_47' title='bbox 455 1184 514 1249; x_wconf 91' lang='lat' dir='ltr'><strong>pro</strong></span> <span class='ocrx_word' id='word_1_48' title='bbox 540 1163 662 1227; x_wconf 87' lang='lat' dir='ltr'><strong>Roscio</strong></span> <span class='ocrx_word' id='word_1_49' title='bbox 687 1163 850 1227; x_wconf 78' lang='lat' dir='ltr'><strong>Comoedo</strong></span> <span class='ocrx_word' id='word_1_50' title='bbox 866 1170 900 1226; x_wconf 88' lang='lat' dir='ltr'><strong>et</strong></span> <span class='ocrx_word' id='word_1_51' title='bbox 915 1160 1053 1243; x_wconf 77' lang='lat' dir='ltr'><strong>Fontejo</strong></span> <span class='ocrx_word' id='word_1_52' title='bbox 1069 1177 1125 1219; x_wconf 83' lang='lat' dir='ltr'><strong>ex·</strong></span> 
     </span>
     <span class='ocr_line' id='line_1_8' title="bbox 252 1242 1123 1334; baseline -0.002 -27"><span class='ocrx_word' id='word_1_53' title='bbox 252 1251 370 1309; x_wconf 73' lang='lat' dir='ltr'><strong>uernae</strong></span> <span class='ocrx_word' id='word_1_54' title='bbox 385 1258 554 1334; x_wconf 90' lang='lat' dir='ltr'><strong>ponuntur,</strong></span> <span class='ocrx_word' id='word_1_55' title='bbox 570 1245 643 1326; x_wconf 83' lang='lat' dir='ltr'><strong>non,</strong></span> <span class='ocrx_word' id='word_1_56' title='bbox 660 1272 725 1334; x_wconf 89' lang='lat' dir='ltr'><strong>quo</strong></span> <span class='ocrx_word' id='word_1_57' title='bbox 740 1250 886 1314; x_wconf 88' lang='lat' dir='ltr'><strong>Romana·</strong></span> <span class='ocrx_word' id='word_1_58' title='bbox 902 1255 935 1311; x_wconf 84' lang='lat' dir='ltr'><strong>et</strong></span> <span class='ocrx_word' id='word_1_59' title='bbox 944 1242 1123 1310; x_wconf 83' lang='lat' dir='ltr'><strong>Brixiensis</strong></span> 
     </span>
     <span class='ocr_line' id='line_1_9' title="bbox 252 1330 478 1410; baseline 0.013 -18"><span class='ocrx_word' id='word_1_60' title='bbox 252 1330 379 1410; x_wconf 86' lang='lat' dir='ltr'><strong>habent,</strong></span> <span class='ocrx_word' id='word_1_61' title='bbox 396 1336 478 1398; x_wconf 88' lang='lat' dir='ltr'><strong>loco.</strong></span> 
     </span>
    </p>

    <p class='ocr_par' dir='ltr' id='par_1_3' title="bbox 253 1416 1221 3916">
     <span class='ocr_line' id='line_1_10' title="bbox 296 1416 1128 1504; baseline -0.001 -25"><span class='ocrx_word' id='word_1_62' title='bbox 296 1416 382 1482; x_wconf 86' lang='lat' dir='ltr'><strong>Inter</strong></span> <span class='ocrx_word' id='word_1_63' title='bbox 397 1420 476 1486; x_wconf 89' lang='lat' dir='ltr'><strong>haec</strong></span> <span class='ocrx_word' id='word_1_64' title='bbox 492 1422 665 1487; x_wconf 89' lang='lat' dir='ltr'><strong>orationum</strong></span> <span class='ocrx_word' id='word_1_65' title='bbox 680 1423 789 1485; x_wconf 89' lang='lat' dir='ltr'><strong>harum</strong></span> <span class='ocrx_word' id='word_1_66' title='bbox 804 1441 887 1485; x_wconf 87' lang='lat' dir='ltr'><strong>nova</strong></span> <span class='ocrx_word' id='word_1_67' title='bbox 901 1418 1046 1504; x_wconf 84' lang='lat' dir='ltr'><strong>exempla</strong></span> <span class='ocrx_word' id='word_1_68' title='bbox 1059 1417 1128 1480; x_wconf 86' lang='lat' dir='ltr'><strong>fac·</strong></span> 
     </span>
     <span class='ocr_line' id='line_1_11' title="bbox 253 1505 1129 1593; baseline 0 -30"><span class='ocrx_word' id='word_1_69' title='bbox 253 1508 285 1564; x_wconf 90' lang='lat' dir='ltr'><strong>ta</strong></span> <span class='ocrx_word' id='word_1_70' title='bbox 300 1514 373 1567; x_wconf 90' lang='lat' dir='ltr'><strong>sunt</strong></span> <span class='ocrx_word' id='word_1_71' title='bbox 386 1528 445 1593; x_wconf 90' lang='lat' dir='ltr'><strong>per</strong></span> <span class='ocrx_word' id='word_1_72' title='bbox 460 1509 629 1574; x_wconf 83' lang='lat' dir='ltr'><strong>editionem</strong></span> <span class='ocrx_word' id='word_1_73' title='bbox 640 1532 660 1573; x_wconf 91' lang='lat' dir='ltr'><strong>o</strong></span> <span class='ocrx_word' id='word_1_74' title='bbox 684 1530 772 1573; x_wconf 88' lang='lat' dir='ltr'><strong>erum</strong></span> <span class='ocrx_word' id='word_1_75' title='bbox 784 1506 948 1572; x_wconf 74' lang='lat' dir='ltr'><strong>Ciceronis</strong></span> <span class='ocrx_word' id='word_1_76' title='bbox 964 1505 1129 1568; x_wconf 85' lang='lat' dir='ltr'><strong>universo·</strong></span> 
     </span>
     <span class='ocr_line' id='line_1_12' title="bbox 253 1531 1128 1675; baseline 0 -26"><span class='ocrx_word' id='word_1_77' title='bbox 253 1607 322 1650; x_wconf 91' lang='lat' dir='ltr'><strong>rum</strong></span> <span class='ocrx_word' id='word_1_78' title='bbox 337 1592 480 1675; x_wconf 88' lang='lat' dir='ltr'><strong>primam,</strong></span> <span class='ocrx_word' id='word_1_79' title='bbox 495 1594 528 1656; x_wconf 92' lang='lat' dir='ltr'><strong>h.</strong></span> <span class='ocrx_word' id='word_1_80' title='bbox 545 1615 575 1656; x_wconf 85' lang='lat' dir='ltr'><strong>e.</strong></span> <span class='ocrx_word' id='word_1_81' title='bbox 592 1531 875 1659; x_wconf 79' lang='lat' dir='ltr'><strong>Mediolanensem</strong></span> <span class='ocrx_word' id='word_1_82' title='bbox 894 1613 924 1653; x_wconf 82' lang='lat' dir='ltr'><strong>a.</strong></span> <span class='ocrx_word' id='word_1_83' title='bbox 943 1595 1035 1653; x_wconf 75' lang='lat' dir='ltr'><strong>llas.</strong></span> <span class='ocrx_word' id='word_1_84' title='bbox 1074 1588 1128 1653; x_wconf 81' lang='lat' dir='ltr'><strong>Ea</strong></span> 
     </span>
     <span class='ocr_line' id='line_1_13' title="bbox 253 1675 1127 1764; baseline 0.001 -29"><span class='ocrx_word' id='word_1_85' title='bbox 253 1692 331 1737; x_wconf 82' lang='lat' dir='ltr'><strong>vero</strong></span> <span class='ocrx_word' id='word_1_86' title='bbox 355 1685 467 1740; x_wconf 85' lang='lat' dir='ltr'><strong>secuta</strong></span> <span class='ocrx_word' id='word_1_87' title='bbox 489 1687 539 1742; x_wconf 90' lang='lat' dir='ltr'><strong>est</strong></span> <span class='ocrx_word' id='word_1_88' title='bbox 561 1681 725 1745; x_wconf 84' lang='lat' dir='ltr'><strong>manifeste</strong></span> <span class='ocrx_word' id='word_1_89' title='bbox 748 1678 927 1764; x_wconf 86' lang='lat' dir='ltr'><strong>exemplum</strong></span> <span class='ocrx_word' id='word_1_90' title='bbox 942 1675 1127 1739; x_wconf 85' lang='lat' dir='ltr'><strong>Brixianam</strong></span> 
     </span>
     <span class='ocr_line' id='line_1_14' title="bbox 254 1758 1126 1852; baseline 0 -30"><span class='ocrx_word' id='word_1_91' title='bbox 254 1758 308 1836; x_wconf 86' lang='lat' dir='ltr'><strong>ita,</strong></span> <span class='ocrx_word' id='word_1_92' title='bbox 324 1768 359 1824; x_wconf 90' lang='lat' dir='ltr'><strong>ut</strong></span> <span class='ocrx_word' id='word_1_93' title='bbox 374 1782 446 1825; x_wconf 89' lang='lat' dir='ltr'><strong>eum</strong></span> <span class='ocrx_word' id='word_1_94' title='bbox 461 1764 576 1828; x_wconf 88' lang='lat' dir='ltr'><strong>habeat</strong></span> <span class='ocrx_word' id='word_1_95' title='bbox 598 1768 776 1852; x_wconf 68' lang='lat' dir='ltr'><strong>textussui</strong></span> <span class='ocrx_word' id='word_1_96' title='bbox 798 1766 898 1828; x_wconf 89' lang='lat' dir='ltr'><strong>basin.</strong></span> <span class='ocrx_word' id='word_1_97' title='bbox 945 1762 1029 1826; x_wconf 91' lang='lat' dir='ltr'><strong>Nam</strong></span> <span class='ocrx_word' id='word_1_98' title='bbox 1051 1779 1126 1823; x_wconf 89' lang='lat' dir='ltr'><strong>cum</strong></span> 
     </span>
     <span class='ocr_line' id='line_1_15' title="bbox 253 1846 1127 1937; baseline 0.002 -31"><span class='ocrx_word' id='word_1_99' title='bbox 253 1864 294 1906; x_wconf 90' lang='lat' dir='ltr'><strong>ea</strong></span> <span class='ocrx_word' id='word_1_100' title='bbox 308 1850 464 1913; x_wconf 78' lang='lat' dir='ltr'><strong>consentit</strong></span> <span class='ocrx_word' id='word_1_101' title='bbox 489 1852 674 1937; x_wconf 87' lang='lat' dir='ltr'><strong>plerumque</strong></span> <span class='ocrx_word' id='word_1_102' title='bbox 699 1854 730 1916; x_wconf 91' lang='lat' dir='ltr'><strong>in</strong></span> <span class='ocrx_word' id='word_1_103' title='bbox 751 1851 939 1916; x_wconf 89' lang='lat' dir='ltr'><strong>lectionibus</strong></span> <span class='ocrx_word' id='word_1_104' title='bbox 954 1846 1127 1930; x_wconf 88' lang='lat' dir='ltr'><strong>insigniori·</strong></span> 
     </span>
     <span class='ocr_line' id='line_1_16' title="bbox 254 1930 1128 2025; baseline 0 -31"><span class='ocrx_word' id='word_1_105' title='bbox 254 1930 326 2009; x_wconf 85' lang='lat' dir='ltr'><strong>bus,</strong></span> <span class='ocrx_word' id='word_1_106' title='bbox 353 1940 418 1997; x_wconf 91' lang='lat' dir='ltr'><strong>tum</strong></span> <span class='ocrx_word' id='word_1_107' title='bbox 441 1936 544 2014; x_wconf 90' lang='lat' dir='ltr'><strong>bonis,</strong></span> <span class='ocrx_word' id='word_1_108' title='bbox 567 1946 632 2001; x_wconf 88' lang='lat' dir='ltr'><strong>tum</strong></span> <span class='ocrx_word' id='word_1_109' title='bbox 650 1940 769 2025; x_wconf 89' lang='lat' dir='ltr'><strong>pravis,</strong></span> <span class='ocrx_word' id='word_1_110' title='bbox 792 1945 928 2022; x_wconf 86' lang='lat' dir='ltr'><strong>suntque</strong></span> <span class='ocrx_word' id='word_1_111' title='bbox 957 1934 1128 1997; x_wconf 83' lang='lat' dir='ltr'><strong>admodum</strong></span> 
     </span>
     <span class='ocr_line' id='line_1_17' title="bbox 254 2021 1127 2119; baseline -0.003 -37"><span class='ocrx_word' id='word_1_112' title='bbox 254 2037 387 2119; x_wconf 85' lang='lat' dir='ltr'><strong>paucae,</strong></span> <span class='ocrx_word' id='word_1_113' title='bbox 413 2021 445 2086; x_wconf 91' lang='lat' dir='ltr'><strong>in</strong></span> <span class='ocrx_word' id='word_1_114' title='bbox 471 2023 586 2108; x_wconf 88' lang='lat' dir='ltr'><strong>quibus</strong></span> <span class='ocrx_word' id='word_1_115' title='bbox 611 2027 650 2088; x_wconf 87' lang='lat' dir='ltr'><strong>ab</strong></span> <span class='ocrx_word' id='word_1_116' title='bbox 674 2047 714 2088; x_wconf 86' lang='lat' dir='ltr'><strong>ea</strong></span> <span class='ocrx_word' id='word_1_117' title='bbox 734 2026 766 2088; x_wconf 90' lang='lat' dir='ltr'><strong>in</strong></span> <span class='ocrx_word' id='word_1_118' title='bbox 781 2023 940 2087; x_wconf 85' lang='lat' dir='ltr'><strong>meliorem</strong></span> <span class='ocrx_word' id='word_1_119' title='bbox 955 2027 1078 2107; x_wconf 85' lang='lat' dir='ltr'><strong>partem</strong></span> <span class='ocrx_word' id='word_1_120' title='bbox 1092 2023 1127 2079; x_wconf 89' lang='lat' dir='ltr'><strong>et</strong></span> 
     </span>
     <span class='ocr_line' id='line_1_18' title="bbox 255 2104 1131 2192; baseline -0.001 -26"><span class='ocrx_word' id='word_1_121' title='bbox 255 2111 300 2167; x_wconf 83' lang='lat' dir='ltr'><strong>rte</strong></span> <span class='ocrx_word' id='word_1_122' title='bbox 314 2104 490 2185; x_wconf 89' lang='lat' dir='ltr'><strong>dissentiat,</strong></span> <span class='ocrx_word' id='word_1_123' title='bbox 514 2117 551 2172; x_wconf 90' lang='lat' dir='ltr'><strong>ut</strong></span> <span class='ocrx_word' id='word_1_124' title='bbox 565 2118 652 2175; x_wconf 89' lang='lat' dir='ltr'><strong>aute</strong></span> <span class='ocrx_word' id='word_1_125' title='bbox 669 2111 793 2176; x_wconf 80' lang='lat' dir='ltr'><strong>Codice</strong></span> <span class='ocrx_word' id='word_1_126' title='bbox 815 2111 898 2172; x_wconf 82' lang='lat' dir='ltr'><strong>bane</strong></span> <span class='ocrx_word' id='word_1_127' title='bbox 922 2108 1054 2192; x_wconf 87' lang='lat' dir='ltr'><strong>scripto,</strong></span> <span class='ocrx_word' id='word_1_128' title='bbox 1074 2108 1131 2165; x_wconf 87' lang='lat' dir='ltr'><strong>aut</strong></span> 
     </span>
     <span class='ocr_line' id='line_1_19' title="bbox 256 2189 1130 2276; baseline -0.001 -25"><span class='ocrx_word' id='word_1_129' title='bbox 256 2189 296 2251; x_wconf 89' lang='lat' dir='ltr'><strong>ab</strong></span> <span class='ocrx_word' id='word_1_130' title='bbox 310 2190 426 2271; x_wconf 85' lang='lat' dir='ltr'><strong>ingenii</strong></span> <span class='ocrx_word' id='word_1_131' title='bbox 442 2194 600 2276; x_wconf 82' lang='lat' dir='ltr'><strong>exquisita</strong></span> <span class='ocrx_word' id='word_1_132' title='bbox 614 2197 743 2258; x_wconf 82' lang='lat' dir='ltr'><strong>solertia</strong></span> <span class='ocrx_word' id='word_1_133' title='bbox 764 2195 927 2257; x_wconf 85' lang='lat' dir='ltr'><strong>dissensus</strong></span> <span class='ocrx_word' id='word_1_134' title='bbox 933 2217 937 2236; x_wconf 94' lang='lat'><strong>··</strong></span> <span class='ocrx_word' id='word_1_135' title='bbox 950 2198 1041 2254; x_wconf 89' lang='lat' dir='ltr'><strong>natus</strong></span> <span class='ocrx_word' id='word_1_136' title='bbox 1056 2208 1130 2250; x_wconf 85' lang='lat' dir='ltr'><strong>esso</strong></span> 
     </span>
     <span class='ocr_line' id='line_1_20' title="bbox 255 2273 1131 2365; baseline 0.002 -27"><span class='ocrx_word' id='word_1_137' title='bbox 255 2274 413 2341; x_wconf 80' lang='lat' dir='ltr'><strong>videatur.</strong></span> <span class='ocrx_word' id='word_1_138' title='bbox 460 2277 653 2362; x_wconf 84' lang='lat' dir='ltr'><strong>Poggianum</strong></span> <span class='ocrx_word' id='word_1_139' title='bbox 679 2279 814 2365; x_wconf 85' lang='lat' dir='ltr'><strong>quidam·</strong></span> <span class='ocrx_word' id='word_1_140' title='bbox 830 2277 985 2343; x_wconf 79' lang='lat' dir='ltr'><strong>Codicem</strong></span> <span class='ocrx_word' id='word_1_141' title='bbox 1010 2296 1030 2340; x_wconf 86' lang='lat' dir='ltr'><strong>e</strong></span> <span class='ocrx_word' id='word_1_142' title='bbox 1051 2273 1131 2340; x_wconf 81' lang='lat' dir='ltr'><strong>Ger·</strong></span> 
     </span>
     <span class='ocr_line' id='line_1_21' title="bbox 255 2360 1129 2451; baseline -0.001 -25"><span class='ocrx_word' id='word_1_143' title='bbox 255 2362 357 2426; x_wconf 85' lang='lat' dir='ltr'><strong>mania</strong></span> <span class='ocrx_word' id='word_1_144' title='bbox 382 2363 421 2430; x_wconf 91' lang='lat' dir='ltr'><strong>iu·</strong></span> <span class='ocrx_word' id='word_1_145' title='bbox 440 2366 562 2431; x_wconf 88' lang='lat' dir='ltr'><strong>ltaliam</strong></span> <span class='ocrx_word' id='word_1_146' title='bbox 587 2367 717 2447; x_wconf 88' lang='lat' dir='ltr'><strong>illatum,</strong></span> <span class='ocrx_word' id='word_1_147' title='bbox 732 2390 751 2432; x_wconf 92' lang='lat' dir='ltr'><strong>e</strong></span> <span class='ocrx_word' id='word_1_148' title='bbox 767 2365 860 2451; x_wconf 84' lang='lat' dir='ltr'><strong>cujus</strong></span> <span class='ocrx_word' id='word_1_149' title='bbox 883 2360 1074 2451; x_wconf 79' lang='lat' dir='ltr'><strong>apographis</strong></span> <span class='ocrx_word' id='word_1_150' title='bbox 1096 2360 1129 2424; x_wconf 87' lang='lat' dir='ltr'><strong>in</strong></span> 
     </span>
     <span class='ocr_line' id='line_1_22' title="bbox 255 2448 1129 2538; baseline -0.006 -25"><span class='ocrx_word' id='word_1_151' title='bbox 255 2451 473 2538; x_wconf 83' lang='lat' dir='ltr'><strong>superioribus</strong></span> <span class='ocrx_word' id='word_1_152' title='bbox 495 2453 600 2517; x_wconf 86' lang='lat' dir='ltr'><strong>editae</strong></span> <span class='ocrx_word' id='word_1_153' title='bbox 622 2464 711 2521; x_wconf 85' lang='lat' dir='ltr'><strong>erant</strong></span> <span class='ocrx_word' id='word_1_154' title='bbox 732 2455 888 2520; x_wconf 84' lang='lat' dir='ltr'><strong>orationes</strong></span> <span class='ocrx_word' id='word_1_155' title='bbox 910 2448 1096 2536; x_wconf 84' lang='lat' dir='ltr'><strong>quaedam(</strong></span> <span class='ocrx_word' id='word_1_156' title='bbox 1120 2489 1129 2508; x_wconf 86' lang='lat'><strong>.</strong></span> 
     </span>
     <span class='ocr_line' id='line_1_23' title="bbox 255 2533 1136 2624; baseline 0.005 -24"><span class='ocrx_word' id='word_1_157' title='bbox 255 2535 413 2620; x_wconf 75' lang='lat' dir='ltr'><strong>Apostoli</strong></span> <span class='ocrx_word' id='word_1_158' title='bbox 438 2539 523 2606; x_wconf 80' lang='lat' dir='ltr'><strong>Zoni</strong></span> <span class='ocrx_word' id='word_1_159' title='bbox 548 2541 637 2606; x_wconf 81' lang='lat' dir='ltr'><strong>Dias.</strong></span> <span class='ocrx_word' id='word_1_160' title='bbox 655 2543 807 2608; x_wconf 85' lang='lat' dir='ltr'><strong>Vossian.</strong></span> <span class='ocrx_word' id='word_1_161' title='bbox 823 2564 858 2624; x_wconf 87' lang='lat' dir='ltr'><strong>p.</strong></span> <span class='ocrx_word' id='word_1_162' title='bbox 874 2541 947 2617; x_wconf 81' lang='lat'><strong>43.)</strong></span> <span class='ocrx_word' id='word_1_163' title='bbox 961 2538 1001 2599; x_wconf 84' lang='lat' dir='ltr'><strong>ab</strong></span> <span class='ocrx_word' id='word_1_164' title='bbox 1016 2533 1136 2599; x_wconf 67' lang='lat' dir='ltr'><strong>Mim-</strong></span> 
     </span>
     <span class='ocr_line' id='line_1_24' title="bbox 257 2617 1130 2709; baseline -0.003 -24"><span class='ocrx_word' id='word_1_165' title='bbox 257 2623 365 2698; x_wconf 82' lang='lat' dir='ltr'><strong>siano,</strong></span> <span class='ocrx_word' id='word_1_166' title='bbox 392 2631 521 2702; x_wconf 70' lang='lat' dir='ltr'><strong>auctose</strong></span> <span class='ocrx_word' id='word_1_167' title='bbox 547 2621 643 2706; x_wconf 88' lang='lat' dir='ltr'><strong>hujus</strong></span> <span class='ocrx_word' id='word_1_168' title='bbox 666 2617 826 2700; x_wconf 85' lang='lat' dir='ltr'><strong>editionis,</strong></span> <span class='ocrx_word' id='word_1_169' title='bbox 846 2619 1025 2709; x_wconf 87' lang='lat' dir='ltr'><strong>inspectum</strong></span> <span class='ocrx_word' id='word_1_170' title='bbox 1047 2640 1130 2697; x_wconf 85' lang='lat' dir='ltr'><strong>esse,</strong></span> 
     </span>
     <span class='ocr_line' id='line_1_25' title="bbox 257 2707 1129 2792; baseline -0.003 -20"><span class='ocrx_word' id='word_1_171' title='bbox 257 2708 377 2772; x_wconf 87' lang='lat' dir='ltr'><strong>clarum</strong></span> <span class='ocrx_word' id='word_1_172' title='bbox 391 2714 452 2769; x_wconf 88' lang='lat' dir='ltr'><strong>est.</strong></span> <span class='ocrx_word' id='word_1_173' title='bbox 499 2707 582 2770; x_wconf 86' lang='lat' dir='ltr'><strong>Nam</strong></span> <span class='ocrx_word' id='word_1_174' title='bbox 597 2709 629 2770; x_wconf 92' lang='lat' dir='ltr'><strong>in</strong></span> <span class='ocrx_word' id='word_1_175' title='bbox 643 2707 706 2770; x_wconf 90' lang='lat' dir='ltr'><strong>hoc</strong></span> <span class='ocrx_word' id='word_1_176' title='bbox 730 2709 959 2772; x_wconf 86' lang='lat' dir='ltr'><strong>Mediolanensi</strong></span> <span class='ocrx_word' id='word_1_177' title='bbox 982 2707 1129 2792; x_wconf 83' lang='lat' dir='ltr'><strong>exemplo</strong></span> 
     </span>
     <span class='ocr_line' id='line_1_26' title="bbox 258 2790 1129 2876; baseline -0.002 -20"><span class='ocrx_word' id='word_1_178' title='bbox 258 2791 299 2856; x_wconf 80' lang='lat' dir='ltr'><strong>ad</strong></span> <span class='ocrx_word' id='word_1_179' title='bbox 310 2793 431 2854; x_wconf 86' lang='lat' dir='ltr'><strong>calcem</strong></span> <span class='ocrx_word' id='word_1_180' title='bbox 448 2791 505 2854; x_wconf 88' lang='lat' dir='ltr'><strong>Or.</strong></span> <span class='ocrx_word' id='word_1_181' title='bbox 522 2811 581 2876; x_wconf 89' lang='lat' dir='ltr'><strong>pro</strong></span> <span class='ocrx_word' id='word_1_182' title='bbox 592 2791 681 2855; x_wconf 75' lang='lat' dir='ltr'><strong>Rae.</strong></span> <span class='ocrx_word' id='word_1_183' title='bbox 694 2790 797 2856; x_wconf 80' lang='lat' dir='ltr'><strong>Pcrd.</strong></span> <span class='ocrx_word' id='word_1_184' title='bbox 814 2800 848 2856; x_wconf 91' lang='lat' dir='ltr'><strong>et</strong></span> <span class='ocrx_word' id='word_1_185' title='bbox 862 2794 981 2857; x_wconf 88' lang='lat' dir='ltr'><strong>initium</strong></span> <span class='ocrx_word' id='word_1_186' title='bbox 997 2794 1129 2857; x_wconf 86' lang='lat' dir='ltr'><strong>calcem·</strong></span> 
     </span>
     <span class='ocr_line' id='line_1_27' title="bbox 259 2874 1132 2964; baseline 0 -24"><span class='ocrx_word' id='word_1_187' title='bbox 259 2898 322 2962; x_wconf 83' lang='lat' dir='ltr'><strong>que</strong></span> <span class='ocrx_word' id='word_1_188' title='bbox 338 2877 464 2941; x_wconf 88' lang='lat' dir='ltr'><strong>alterius</strong></span> <span class='ocrx_word' id='word_1_189' title='bbox 480 2897 539 2964; x_wconf 92' lang='lat' dir='ltr'><strong>pro</strong></span> <span class='ocrx_word' id='word_1_190' title='bbox 560 2874 684 2943; x_wconf 82' lang='lat' dir='ltr'><strong>Roscio</strong></span> <span class='ocrx_word' id='word_1_191' title='bbox 699 2878 792 2943; x_wconf 76' lang='lat' dir='ltr'><strong>Gom.</strong></span> <span class='ocrx_word' id='word_1_192' title='bbox 818 2879 988 2942; x_wconf 85' lang='lat' dir='ltr'><strong>admonitio</strong></span> <span class='ocrx_word' id='word_1_193' title='bbox 1012 2879 1132 2942; x_wconf 84' lang='lat' dir='ltr'><strong>diserta</strong></span> 
     </span>
     <span class='ocr_line' id='line_1_28' title="bbox 259 2963 1131 3047; baseline 0 -22"><span class='ocrx_word' id='word_1_194' title='bbox 259 2963 366 3026; x_wconf 88' lang='lat' dir='ltr'><strong>addita</strong></span> <span class='ocrx_word' id='word_1_195' title='bbox 380 2971 430 3027; x_wconf 86' lang='lat' dir='ltr'><strong>est</strong></span> <span class='ocrx_word' id='word_1_196' title='bbox 445 2964 486 3035; x_wconf 90' lang='lat' dir='ltr'><strong>de</strong></span> <span class='ocrx_word' id='word_1_197' title='bbox 502 2964 621 3028; x_wconf 86' lang='lat' dir='ltr'><strong>lacunis</strong></span> <span class='ocrx_word' id='word_1_198' title='bbox 637 2972 671 3029; x_wconf 89' lang='lat' dir='ltr'><strong>et</strong></span> <span class='ocrx_word' id='word_1_199' title='bbox 685 2966 801 3029; x_wconf 87' lang='lat' dir='ltr'><strong>mentio</strong></span> <span class='ocrx_word' id='word_1_200' title='bbox 816 2986 908 3028; x_wconf 85' lang='lat' dir='ltr'><strong>exem</strong></span> <span class='ocrx_word' id='word_1_201' title='bbox 931 2965 953 3028; x_wconf 92' lang='lat' dir='ltr'><strong>li</strong></span> <span class='ocrx_word' id='word_1_202' title='bbox 969 2963 1131 3047; x_wconf 78' lang='lat' dir='ltr'><strong>Poggium,</strong></span> 
     </span>
     <span class='ocr_line' id='line_1_29' title="bbox 260 2986 1131 3135; baseline -0.003 -23"><span class='ocrx_word' id='word_1_203' title='bbox 260 3069 444 3132; x_wconf 78' lang='lat' dir='ltr'><strong>aquosae</strong></span> <span class='ocrx_word' id='word_1_204' title='bbox 469 3052 599 3115; x_wconf 90' lang='lat' dir='ltr'><strong>lacunae</strong></span> <span class='ocrx_word' id='word_1_205' title='bbox 625 3058 712 3114; x_wconf 89' lang='lat' dir='ltr'><strong>ortae</strong></span> <span class='ocrx_word' id='word_1_206' title='bbox 736 3051 809 3128; x_wconf 88' lang='lat' dir='ltr'><strong>sint,</strong></span> <span class='ocrx_word' id='word_1_207' title='bbox 835 2986 931 3135; x_wconf 76' lang='lat' dir='ltr'><strong>quod</strong></span> <span class='ocrx_word' id='word_1_208' title='bbox 954 3051 986 3115; x_wconf 92' lang='lat' dir='ltr'><strong>in</strong></span> <span class='ocrx_word' id='word_1_209' title='bbox 1007 3049 1131 3114; x_wconf 75' lang='lat' dir='ltr'><strong>(lodice</strong></span> 
     </span>
     <span class='ocr_line' id='line_1_30' title="bbox 259 3133 1132 3224; baseline -0.003 -26"><span class='ocrx_word' id='word_1_210' title='bbox 259 3135 398 3217; x_wconf 89' lang='lat' dir='ltr'><strong>antiquo,</strong></span> <span class='ocrx_word' id='word_1_211' title='bbox 428 3157 522 3219; x_wconf 90' lang='lat' dir='ltr'><strong>quem</strong></span> <span class='ocrx_word' id='word_1_212' title='bbox 552 3136 691 3218; x_wconf 88' lang='lat' dir='ltr'><strong>Poggius</strong></span> <span class='ocrx_word' id='word_1_213' title='bbox 717 3136 935 3224; x_wconf 85' lang='lat' dir='ltr'><strong>descripserit,</strong></span> <span class='ocrx_word' id='word_1_214' title='bbox 968 3135 1032 3199; x_wconf 87' lang='lat' dir='ltr'><strong>duo</strong></span> <span class='ocrx_word' id='word_1_215' title='bbox 1058 3133 1132 3198; x_wconf 84' lang='lat' dir='ltr'><strong>tolia</strong></span> 
     </span>
     <span class='ocr_line' id='line_1_31' title="bbox 260 3218 1130 3309; baseline -0.002 -27"><span class='ocrx_word' id='word_1_216' title='bbox 260 3220 402 3283; x_wconf 85' lang='lat' dir='ltr'><strong>abscissa</strong></span> <span class='ocrx_word' id='word_1_217' title='bbox 415 3221 533 3286; x_wconf 86' lang='lat' dir='ltr'><strong>fuerint</strong></span> <span class='ocrx_word' id='word_1_218' title='bbox 548 3246 556 3285; x_wconf 73' lang='grc' dir='ltr'><em>τ</em></span> <span class='ocrx_word' id='word_1_219' title='bbox 580 3243 673 3307; x_wconf 90' lang='lat' dir='ltr'><strong>quam</strong></span> <span class='ocrx_word' id='word_1_220' title='bbox 689 3224 931 3287; x_wconf 81' lang='lat' dir='ltr'><strong>admonitionem</strong></span> <span class='ocrx_word' id='word_1_221' title='bbox 944 3220 1063 3309; x_wconf 87' lang='lat' dir='ltr'><strong>repetit</strong></span> <span class='ocrx_word' id='word_1_222' title='bbox 1076 3218 1130 3283; x_wconf 87' lang='lat' dir='ltr'><strong>ed.</strong></span> 
     </span>
     <span class='ocr_line' id='line_1_32' title="bbox 261 3305 1133 3394; baseline 0.001 -27"><span class='ocrx_word' id='word_1_223' title='bbox 261 3305 412 3369; x_wconf 87' lang='lat' dir='ltr'><strong>Ascensii</strong></span> <span class='ocrx_word' id='word_1_224' title='bbox 444 3310 554 3394; x_wconf 88' lang='lat' dir='ltr'><strong>prima,</strong></span> <span class='ocrx_word' id='word_1_225' title='bbox 575 3328 656 3392; x_wconf 89' lang='lat' dir='ltr'><strong>quae</strong></span> <span class='ocrx_word' id='word_1_226' title='bbox 688 3308 926 3374; x_wconf 85' lang='lat' dir='ltr'><strong>Mediolanense</strong></span> <span class='ocrx_word' id='word_1_227' title='bbox 952 3308 1133 3393; x_wconf 83' lang='lat' dir='ltr'><strong>exemplum</strong></span> 
     </span>
     <span class='ocr_line' id='line_1_33' title="bbox 261 3392 1133 3476; baseline 0 -22"><span class='ocrx_word' id='word_1_228' title='bbox 261 3392 407 3476; x_wconf 84' lang='lat' dir='ltr'><strong>repetiit:</strong></span> <span class='ocrx_word' id='word_1_229' title='bbox 431 3402 467 3455; x_wconf 84' lang='lat' dir='ltr'><strong>ut</strong></span> <span class='ocrx_word' id='word_1_230' title='bbox 489 3395 521 3458; x_wconf 91' lang='lat' dir='ltr'><strong>in</strong></span> <span class='ocrx_word' id='word_1_231' title='bbox 543 3395 728 3460; x_wconf 87' lang='lat' dir='ltr'><strong>recensione</strong></span> <span class='ocrx_word' id='word_1_232' title='bbox 745 3396 915 3459; x_wconf 86' lang='lat' dir='ltr'><strong>editionum</strong></span> <span class='ocrx_word' id='word_1_233' title='bbox 930 3415 1037 3457; x_wconf 88' lang='lat' dir='ltr'><strong>earum</strong></span> <span class='ocrx_word' id='word_1_234' title='bbox 1054 3393 1133 3455; x_wconf 82' lang='lat' dir='ltr'><strong>dixi·</strong></span> 
     </span>
     <span class='ocr_line' id='line_1_34' title="bbox 262 3478 1221 3567; baseline -0.002 -25"><span class='ocrx_word' id='word_1_235' title='bbox 262 3497 342 3554; x_wconf 88' lang='lat' dir='ltr'><strong>mus,</strong></span> <span class='ocrx_word' id='word_1_236' title='bbox 359 3499 439 3560; x_wconf 84' lang='lat' dir='ltr'><strong>qnae</strong></span> <span class='ocrx_word' id='word_1_237' title='bbox 454 3480 600 3544; x_wconf 87' lang='lat' dir='ltr'><strong>universa</strong></span> <span class='ocrx_word' id='word_1_238' title='bbox 611 3481 776 3547; x_wconf 80' lang='lat' dir='ltr'><strong>Ciceronis</strong></span> <span class='ocrx_word' id='word_1_239' title='bbox 791 3502 889 3567; x_wconf 90' lang='lat' dir='ltr'><strong>opera</strong></span> <span class='ocrx_word' id='word_1_240' title='bbox 903 3480 1031 3543; x_wconf 88' lang='lat' dir='ltr'><strong>habent.</strong></span> <span class='ocrx_word' id='word_1_241' title='bbox 1056 3478 1133 3551; x_wconf 70' lang='lat' dir='ltr'><strong>uuo</strong></span> <span class='ocrx_word' id='word_1_242' title='bbox 1218 3508 1221 3511; x_wconf 36' lang='lat'>¹</span> 
     </span>
     <span class='ocr_line' id='line_1_35' title="bbox 262 3565 1133 3650; baseline -0.001 -23"><span class='ocrx_word' id='word_1_243' title='bbox 262 3566 334 3628; x_wconf 89' lang='lat' dir='ltr'><strong>loco</strong></span> <span class='ocrx_word' id='word_1_244' title='bbox 357 3584 419 3628; x_wconf 90' lang='lat' dir='ltr'><strong>non</strong></span> <span class='ocrx_word' id='word_1_245' title='bbox 444 3565 576 3630; x_wconf 87' lang='lat' dir='ltr'><strong>alienum</strong></span> <span class='ocrx_word' id='word_1_246' title='bbox 599 3568 705 3646; x_wconf 85' lang='lat' dir='ltr'><strong>suerit,</strong></span> <span class='ocrx_word' id='word_1_247' title='bbox 729 3568 897 3643; x_wconf 87' lang='lat' dir='ltr'><strong>monuisse,</strong></span> <span class='ocrx_word' id='word_1_248' title='bbox 924 3565 1076 3650; x_wconf 89' lang='lat' dir='ltr'><strong>quicquid</strong></span> <span class='ocrx_word' id='word_1_249' title='bbox 1101 3565 1133 3626; x_wconf 92' lang='lat' dir='ltr'><strong>in</strong></span> 
     </span>
     <span class='ocr_line' id='line_1_36' title="bbox 262 3649 1133 3741; baseline -0.002 -28"><span class='ocrx_word' id='word_1_250' title='bbox 262 3651 331 3714; x_wconf 80' lang='lat' dir='ltr'><strong>istis</strong></span> <span class='ocrx_word' id='word_1_251' title='bbox 357 3652 549 3717; x_wconf 87' lang='lat' dir='ltr'><strong>orationibus</strong></span> <span class='ocrx_word' id='word_1_252' title='bbox 573 3653 756 3741; x_wconf 85' lang='lat' dir='ltr'><strong>discrepant</strong></span> <span class='ocrx_word' id='word_1_253' title='bbox 777 3654 930 3719; x_wconf 86' lang='lat' dir='ltr'><strong>editiones</strong></span> <span class='ocrx_word' id='word_1_254' title='bbox 953 3653 1084 3739; x_wconf 88' lang='lat' dir='ltr'><strong>primae,</strong></span> <span class='ocrx_word' id='word_1_255' title='bbox 1099 3649 1133 3712; x_wconf 91' lang='lat' dir='ltr'><strong>id</strong></span> 
     </span>
     <span class='ocr_line' id='line_1_37' title="bbox 263 3735 1134 3827; baseline -0.003 -28"><span class='ocrx_word' id='word_1_256' title='bbox 263 3757 336 3800; x_wconf 86' lang='lat' dir='ltr'><strong>esse</strong></span> <span class='ocrx_word' id='word_1_257' title='bbox 351 3761 370 3802; x_wconf 91' lang='lat' dir='ltr'><strong>a</strong></span> <span class='ocrx_word' id='word_1_258' title='bbox 391 3739 542 3803; x_wconf 86' lang='lat' dir='ltr'><strong>varietate</strong></span> <span class='ocrx_word' id='word_1_259' title='bbox 567 3741 619 3805; x_wconf 86' lang='lat' dir='ltr'><strong>vel</strong></span> <span class='ocrx_word' id='word_1_260' title='bbox 634 3762 790 3820; x_wconf 90' lang='lat' dir='ltr'><strong>manuum,</strong></span> <span class='ocrx_word' id='word_1_261' title='bbox 805 3762 887 3827; x_wconf 89' lang='lat' dir='ltr'><strong>quae</strong></span> <span class='ocrx_word' id='word_1_262' title='bbox 903 3741 987 3804; x_wconf 91' lang='lat' dir='ltr'><strong>illum</strong></span> <span class='ocrx_word' id='word_1_263' title='bbox 1003 3735 1134 3818; x_wconf 89' lang='lat' dir='ltr'><strong>Poggia·</strong></span> 
     </span>
     <span class='ocr_line' id='line_1_38' title="bbox 264 3821 1131 3916; baseline -0.002 -30"><span class='ocrx_word' id='word_1_264' title='bbox 264 3843 338 3888; x_wconf 82' lang='lat' dir='ltr'><strong>num</strong></span> <span class='ocrx_word' id='word_1_265' title='bbox 361 3825 475 3894; x_wconf 86' lang='lat' dir='ltr'><strong>librum</strong></span> <span class='ocrx_word' id='word_1_266' title='bbox 495 3825 706 3916; x_wconf 72' lang='lat' dir='ltr'><strong>descripstre,</strong></span> <span class='ocrx_word' id='word_1_267' title='bbox 731 3829 783 3893; x_wconf 81' lang='lat' dir='ltr'><strong>vel</strong></span> <span class='ocrx_word' id='word_1_268' title='bbox 798 3851 817 3892; x_wconf 88' lang='lat' dir='ltr'><strong>a</strong></span> <span class='ocrx_word' id='word_1_269' title='bbox 831 3823 1034 3913; x_wconf 85' lang='lat' dir='ltr'><strong>conjecturis,</strong></span> <span class='ocrx_word' id='word_1_270' title='bbox 1052 3821 1131 3887; x_wconf 81' lang='lat' dir='ltr'><strong>frus·</strong></span> 
     </span>
    </p>
   </div>
   <div class='ocr_carea' id='block_1_3' title="bbox 159 3930 266 4144">
    <p class='ocr_par' dir='ltr' id='par_1_4' title="bbox 159 3930 266 4144">
     <span class='ocr_line' id='line_1_39' title="bbox 159 3930 266 4144; baseline 0 -73"><span class='ocrx_word' id='word_1_271' title='bbox 159 3930 266 4144; x_wconf 50' lang='lat' dir='ltr'><strong>{tp</strong></span> 
     </span>
    </p>
   </div>
   <div class='ocr_carea' id='block_1_4' title="bbox 0 0 1367 4675">
    <p class='ocr_par' dir='ltr' id='par_1_5' title="bbox 0 0 1367 4675">
     <span class='ocr_line' id='line_1_40' title="bbox 0 0 1367 4675; baseline 0 0"><span class='ocrx_word' id='word_1_272' title='bbox 0 0 1367 4675; x_wconf 95' lang='lat' dir='ltr'><strong> </strong></span> 
     </span>
    </p>
   </div>
  </div>
 </body>
</html>
