2700 4675
241 547 306 608 ,ω
582 539 776 594 uvnmuu

241 689 293 748 ubi
305 705 365 748 non
377 692 461 765 plura
474 696 635 766 stuprorum
647 690 879 766 flagitiorumque
894 701 1027 756 suorum,
1042 703 1123 763 quam

239 789 386 847 adventus
399 791 444 848 sui
459 791 586 866 vestigia
599 786 768 865 reliquerit?
790 787 850 846 Sed
861 802 919 861 ego
930 785 1044 856 omnia,
1052 805 1120 862 quaa

241 889 343 963 negari
356 894 503 961 poterunt,
516 888 760 963 praetermittam:
781 885 872 943 etiam
880 885 968 954 haec,
978 903 1054 960 quae
1064 903 1120 944 car·

241 985 355 1043 Musa
377 992 445 1044 sunt
463 994 493 1043 et
513 987 684 1055 clarissima,
698 986 877 1061 relinquam:
897 1001 991 1043 unum
1005 985 1118 1060 aliquod

241 1085 280 1141 rla
293 1083 410 1141 nefariis
424 1085 506 1141 istius
525 1085 611 1142 lactis
625 1083 753 1158 eligam:
774 1099 831 1157 quo
843 1081 963 1140 facilius
985 1083 1025 1140 ad
1048 1081 1116 1141 Sici·

242 1182 313 1240 liam
333 1183 441 1256 possim
462 1182 626 1258 aliquando,
640 1199 715 1257 quae
737 1181 810 1239 mibi
832 1182 890 1239 hoc
913 1179 1013 1240 oneris
1033 1197 1116 1256 nego·

245 1281 335 1356 tiique
349 1282 496 1355 imposuit,
517 1281 680 1355 pervenire.
722 1280 870 1354 Oppidum
895 1279 992 1338 estin
1016 1279 1115 1336 Helle-

244 1387 351 1454 sponto
365 1383 568 1454 Lampsacum,
576 1379 702 1454 judices,
715 1379 747 1436 iu
768 1378 869 1451 primia
884 1377 973 1436 Arna
995 1375 1116 1450 provin·

244 1478 311 1536 aiae
329 1481 441 1536 clarum
460 1484 491 1535 et
509 1479 624 1536 nobile:
645 1477 777 1535 homines
791 1482 888 1535 autem
909 1475 966 1550 lpai
977 1475 1115 1548 Lampsa·

243 1576 312 1633 ceni
333 1585 395 1633 tum
408 1593 519 1633 summe
538 1576 570 1633 in
583 1593 686 1634 omues
706 1575 789 1634 cives
811 1575 960 1633 Romanoa
984 1573 1114 1639 officiosi,

244 1679 306 1732 tum
318 1679 467 1747 praeterea
480 1674 609 1730 maxime
623 1674 718 1731 sedati
732 1679 763 1730 et
775 1672 875 1748 quieti,
898 1689 991 1747 prope
1004 1677 1113 1746 praeter

243 1777 357 1830 ceteros
367 1773 405 1829 ad
418 1789 560 1829 summum
569 1772 749 1829 Graecorum
759 1772 850 1829 otium
863 1770 970 1845 potius,
980 1787 1068 1846 quam
1080 1769 1113 1827 ari
1201 1795 1208 1810 ·

243 1873 335 1929 ullum
349 1873 412 1930 vim
422 1875 472 1929 aut
481 1873 634 1929 tumultum
644 1869 868 1928 accommodati.
910 1869 1113 1938 Acciditoun

243 1971 300 2030 iste
314 1990 332 2028 a
346 1971 402 2029 On.
418 1973 574 2029 Dolabella
587 1969 784 2044 efflagitasset,
793 1971 826 2026 ut
839 1985 871 2026 se
884 1969 925 2026 ati
949 1985 1051 2044 regem
1064 1965 1112 2026 Nl-

243 2072 404 2137 comedam,
418 2087 572 2143 regemque
594 2069 732 2126 Sadalam
755 2067 892 2135 mitteret,
915 2084 1041 2144 cumque
1064 2067 1113 2124 ltar

243 2168 301 2224 boc
314 2166 371 2222 sibi
384 2167 476 2239 magis
489 2167 526 2222 ad
539 2172 691 2240 quaestum
713 2183 804 2234 suum,
816 2183 904 2240 quam
925 2167 963 2224 ad
984 2161 1112 2242 reipubli·

244 2281 299 2325 cae
311 2270 423 2339 tempus
437 2266 688 2322 accommodatum
701 2263 938 2340 depoposcisset:
959 2271 993 2322 ut
1007 2265 1059 2323 illo
1070 2261 1112 2321 lti-

243 2384 314 2426 nere
337 2365 454 2423 veniret
467 2366 670 2438 Lampsacum,
684 2381 751 2422 oum
774 2381 880 2438 magua
903 2364 1113 2423 calamitataet

243 2484 333 2541 prope
347 2464 625 2540 perniciooivitatia.
668 2463 1112 2523 Deducitnristandlsnitoreu

244 2569 389 2641 quendam
402 2566 564 2638 hospitem:
585 2564 763 2639 comitesque
777 2564 838 2636 ejus
857 2562 932 2621 item
951 2566 1029 2639 apuli
1043 2568 1112 2622 eete-

244 2678 291 2720 ros
302 2663 431 2734 hospites
444 2665 633 2720 collocantur.
674 2663 717 2719 Ut
728 2680 789 2720 mos
803 2666 864 2719 erat
877 2660 973 2732 istius,
987 2668 1074 2739 alque
1085 2664 1114 2719 ut

244 2778 312 2820 eum
335 2778 404 2819 suae
428 2762 565 2822 libidines
583 2761 774 2836 “flagitiosae
788 2760 884 2818 iacere
909 2762 1113 2826 admonebant,

244 2864 342 2923 statim
356 2864 504 2938 nogotium
525 2865 574 2920 dat
594 2862 653 2919 illis
666 2861 726 2918 suis
746 2860 910 2928 comitibus,
931 2857 1111 2937 nsqululnis

245 2964 472 3041 turpissimisque
497 2962 670 3030 bominibus,
684 2960 725 3018 uti
741 2960 860 3019 videant
873 2964 904 3016 et
924 2960 1112 3036 invesflgcut,

170 3110 219 3141 x

273 3160 426 3220 “arguam
436 3140 705 3224 focareodmonuarant]
737 3162 763 3210 lu
772 3160 914 3209 Maiiam.
997 3162 1004 3175 '
1053 3158 1114 3209 ssia

244 3220 318 3268 Gueii.
329 3221 389 3283 quod
403 3221 450 3267 Jac.
470 3221 585 3267 Gronovio
602 3228 625 3267 et
642 3222 740 3270 Graevio
760 3226 844 3268 rectruu
862 3220 917 3266 vide
947 3226 993 3268 tur.
1028 3221 1072 3269 aad
1087 3218 1113 3265 rie

243 3294 310 3351 sqepe
319 3279 342 3324 iu
352 3278 414 3325 libris
423 3294 464 3341 pro
472 3293 497 3324 ae
505 3279 612 3327 scribitur.
644 3282 787 3350 Meaeaurcs
796 3293 839 3326 nou
846 3279 929 3335 senuit,
940 3284 968 3326 ul
977 3294 1033 3351 arun·
1041 3276 1112 3351 ''f‘'

235 3338 1113 3467 mmcliiilmllttilaiil'iitbit‘nbff‘ffi

242 3458 371 3516 elegantius.
404 3455 506 3517 Demque
515 3471 556 3517 pro
564 3458 780 3526 admonuermstnuqu
797 3454 898 3501 dubitavi
909 3456 1038 3503 menstra
1046 3456 1114 3503 adn·

242 3513 937 3634 tuilliffillblbibnlllliffffi
944 3514 1115 3620 iimmffl

242 3635 336 3743 ἕπῃ·
351 3633 450 3697 recipere
465 3647 510 3682 nou
524 3633 633 3681 dubitavi.
664 3633 772 3682 Ceterum
790 3631 864 3680 locum
878 3632 939 3681 hum
956 3632 1114 3697 interpam
