2700 4675
442 614 722 675 mossxnos'cso
734 623 897 675 smnsruo.
1078 619 1121 686 73

251 766 368 842 guinis:
389 771 551 829 reclamitat
569 771 733 829 istiusmodi
751 770 962 843 suspicionibus
982 770 1047 843 ipso
1069 786 1118 827 ns·

251 871 328 923 turs:
343 871 507 939 portentum
518 877 603 943 etque
617 873 775 926 monstrum
785 869 975 926 certissimum
988 872 1042 936 est,
1055 885 1118 925 esse

250 964 378 1039 aliquem
394 966 519 1023 humens
532 967 630 1041 specie
644 971 675 1023 et
687 968 787 1041 ligura,
799 967 849 1042 qui
863 971 974 1024 tentum
986 966 1118 1024 immani·

250 1067 313 1121 lete
327 1064 435 1121 bestius
449 1064 563 1134 vicerit,
571 1070 612 1134 ui,
622 1070 816 1141 propterquos
828 1068 904 1123 benc
916 1065 1120 1124 suavissimam·

251 1165 350 1221 lucem
376 1164 549 1238 adspexerit,
582 1182 631 1223 eos
655 1165 855 1241 indignissime
883 1168 949 1223 luce
972 1164 1115 1239 privarit:

251 1277 320 1319 cnm
340 1261 427 1321 etism
440 1262 513 1321 ferse
526 1264 687 1332 interesse
710 1270 806 1338 partus
830 1270 916 1338 atque
937 1264 1072 1321 educatio
1084 1267 1116 1320 et

247 1364 351 1419 nature
371 1362 434 1435 ipss
459 1363 608 1422 conciliet.
650 1365 720 1421 Non
747 1363 789 1420 its
812 1364 910 1420 multis
931 1368 999 1419 ente
1021 1362 1167 1433 nnuma

245 1462 338 1538 ajunt,
350 1460 389 1519 Τ.
400 1456 545 1520 Cloelium
552 1463 697 1536 quendam
711 1461 957 1519 Terracinensem
967 1460 1115 1519 hominem

244 1577 308 1619 non
328 1562 489 1629 obscurum,
509 1577 577 1619 cnm
596 1566 735 1617 coenatus
755 1560 884 1617 cubitum
902 1560 933 1617 iu
947 1560 1026 1617 idern
1045 1578 1113 1618 con·

242 1660 330 1717 cleve
339 1675 407 1717 cum
420 1661 529 1717 duobus
543 1660 777 1717 adolescentibus
787 1659 855 1717 filiis
869 1659 948 1727 isset,
958 1660 1112 1718 inventum

243 1775 309 1815 esse
328 1775 414 1815 mane
432 1759 614 1833 jugulatum:
638 1776 705 1816 cum
726 1775 819 1834 neque
841 1776 942 1816 servus
962 1759 1111 1834 quisquam

242 1857 424 1930 reperiretur,
437 1873 530 1931 neque
544 1858 626 1925 liber,
639 1859 676 1914 sd
690 1875 776 1932 quem
795 1874 832 1913 en
847 1857 974 1931 suspicio
987 1857 1111 1930 pertine·

243 1960 299 2023 ret,
312 1955 343 2012 id
359 1954 463 2012 aetatis
479 1961 576 2016 entem
586 1955 644 2011 duo
655 1954 709 2011 tilii
722 1960 838 2028 propter
847 1956 986 2012 cubantes
996 1972 1034 2010 ne
1048 1972 1111 2012 sen·

244 2052 318 2109 sisse
328 2052 444 2126 quidem
451 2069 484 2108 se
490 2052 638 2110 dicerent:
653 2052 772 2109 nomine
780 2051 903 2109 liliorum
912 2052 948 2108 de
956 2050 1119 2124 parricidio

214 2217 219 2230 ³
241 2143 425 2208 delstssunt.
446 2148 550 2223 “Quid
558 2147 750 2224 postesierst
757 2167 827 2208 ssue
835 2148 1032 2224 suspiciosum.
1042 2167 1109 2208 nen·

240 2254 316 2309 trum
334 2246 480 2308 sensisse?
499 2263 600 2308 susum
620 2254 717 2307 sutem
737 2267 801 2307 esse
825 2251 995 2325 quemquem
1021 2267 1053 2307 se
1075 2249 1106 2307 in

237 2351 270 2410 id
283 2353 427 2409 conclave
440 2351 630 2417 committere,
646 2368 683 2408 eo
695 2350 875 2425 potissimum
888 2355 1027 2422 tempore,
1040 2364 1107 2406 cum

238 2449 348 2506 ibidem
362 2454 461 2506 essent
472 2451 530 2506 duo
550 2450 751 2505 adolescentes
764 2447 827 2513 dlii,
841 2446 890 2520 qui
904 2451 935 2502 et
955 2446 1062 2502 sentire
1076 2451 1107 2503 et

238 2546 395 2606 defendere
414 2545 500 2601 lacile
513 2541 652 2618 possent?
675 2543 747 2600 Erat
767 2559 851 2615 porro
863 2538 958 2609 nemo,
976 2541 1008 2598 in
1020 2561 1106 2617 quem

240 2659 278 2702 ee
290 2642 417 2716 suspicio
430 2641 611 2700 conveniret
653 2638 771 2698 'l'emen
792 2657 858 2723 cum
870 2641 987 2714 plenum
999 2641 1104 2714 judici·

239 2742 294 2799 bus
307 2745 384 2797 esset
397 2739 514 2806 suctum,
527 2743 626 2813 aperto
638 2739 713 2796 ostio
725 2738 899 2796 dormientes
913 2755 962 2796 eos
976 2745 1103 2813 repertos

238 2857 303 2898 esse
311 2858 320 2910 3
328 2837 441 2912 judicio
454 2837 577 2895 absoluti
587 2838 797 2904 adolescentes,
807 2842 836 2894 et
847 2837 1009 2910 suspicione
1022 2839 1102 2896 omni

234 2940 350 2999 liberati
376 2942 451 2996 sunt.
493 2937 590 2995 Nemo
613 2920 692 2994 enim
706 2938 832 3010 putebat,
846 2952 1014 3010 quemquern
1028 2954 1100 3002 esse,

233 3038 293 3115 qui,
306 3054 372 3096 cum
385 3036 483 3096 omnis
497 3035 599 3093 divino
613 3040 700 3109 etque
714 3036 840 3092 humana
847 3033 915 3106 jum
928 3035 1037 3092 scelere
1050 3053 1099 3092 ne-

231 3133 305 3195 fario
318 3136 476 3210 polluisset,
493 3132 654 3191 ⁴'somnum
667 3133 766 3190 stetim
775 3148 881 3208 capere
888 3137 1002 3206 posset:
1017 3150 1098 3208 prop·

232 3239 314 3292 teres
338 3235 414 3308 quod
441 3233 491 3309 qui
517 3236 628 3289 nutum
655 3232 768 3289 lacinus
797 3231 1011 3300 commimmnt,
1037 3248 1095 3291 non

262 3385 283 3418 ⁴¹
297 3384 527 3447 QnidpcstmierM
557 3385 594 3433 sis
603 3385 686 3446 primns
695 3385 767 3431 edidit
776 3385 801 3432 P.
812 3383 936 3432 Manutius.
967 3386 1026 3432 Edd.
1037 3393 1094 3436 vett.

230 3443 289 3516 Μ
300 3447 383 3500 poteras
391 3458 443 3490 enne
452 3444 507 3500 (vel,
515 3448 540 3490 ut
550 3443 597 3493 Ms.
609 3443 654 3513 Gn:
663 3442 960 3512 obstupescentis.
971 3445 1033 3515 Jupt.
1044 3447 1096 3492 suen

222 3515 415 3630 ⁸23chssan
424 3502 1095 3630 ffissqeffwgewacffijffiffixffiffl

229 3620 335 3680 aqud.
366 3617 1063 3692 Undemnjinpotestsfflsdipmsrdmmcmmmmm.

259 3698 282 3732 ⁴²
296 3712 398 3745 mnrium
413 3710 488 3754 capere
500 3697 585 3757 nnn]
616 3696 653 3742 bic
666 3695 726 3742 edidi
785 3698 895 3754 pntubsst,
905 3695 1019 3742 lstinitate
1027 3694 1095 3741 mani-

224 3755 687 3817 misnensesoneninqsspcnsstex
760 3756 766 3768 '
823 3755 1057 3813 cummunione.

267 3876 338 3918 von.
360 3876 403 3916 rr.
666 3859 685 3912 s
