2700 4675
459 563 839 622 AGT.11.utBBRPfltMUs
990 515 993 520 -
1027 571 1089 634 215

219 707 322 767 horum
333 712 431 770 locum
448 709 469 743 ⁴⁵
478 712 680 771 subsortiturus
694 730 767 780 eras,
780 715 818 770 de
837 717 868 770 se
881 711 913 770 is
936 710 1091 772 eonsilium

221 808 326 867 iturum
353 809 470 881 putasti,
495 811 606 868 tamdiu
632 811 712 874 domi
739 806 879 868 fueruat?
906 815 1096 883 posteaquam·

222 903 359 963 4⁶nostris
375 907 495 964 testibus
510 925 572 976 uos,
585 926 671 982 quem
690 908 767 966 horis
791 908 857 975 tuis,
876 907 918 966 uti
939 910 1026 966 matre
1050 907 1094 965 ui·

222 1004 308 1074 disti-3
339 1006 450 1064 nullum
474 1006 588 1081 siguum
609 1006 690 1066 domi
712 1006 861 1080 reliquisti,
885 1011 999 1079 praeter
1025 1007 1092 1074 duo,

222 1121 296 1177 quae
310 1103 343 1160 ia
356 1103 458 1162 mediis
471 1104 589 1162 sedibus
603 1111 687 1162 sunt=
707 1122 781 1180 quae
795 1105 858 1178 ipsa
873 1105 962 1164 Samo
978 1106 1093 1162 sublata

225 1200 315 1264 eunt?
335 1220 394 1260 non
404 1204 510 1275 putasti
524 1221 569 1260 me
585 1204 640 1260 tuis
652 1204 882 1262 familiarissimis
894 1204 926 1261 ia
940 1206 1016 1262 hanc
1030 1220 1092 1260 rem

225 1299 392 1358 testimonia
413 1302 652 1370 denuntiatorum,
676 1303 726 1376 qui
750 1308 817 1362 tuae
840 1302 920 1359 domi
940 1320 1028 1375 saepe
1046 1301 1094 1360 tu·

224 1398 330 1457 issent:
350 1400 504 1474 exquibus
523 1419 699 1475 quaererem,
722 1401 807 1473 signs
826 1400 973 1458 scirentne
996 1398 1094 1467 tuisse,

224 1515 298 1571 quac
311 1515 368 1558 non
382 1497 500 1563 esseut?
521 1499 599 1571 Quid
612 1505 673 1557 tum
695 1500 747 1555 hos
761 1501 798 1555 de
813 1505 842 1556 te
856 1498 1037 1573 judicaturos
1052 1515 1094 1554 ar·
1104 1494 1146 1555 20

224 1595 344 1654 bitrstus
358 1616 399 1665 es,
412 1615 479 1656 cum
495 1599 637 1667 uiderent,
651 1603 681 1655 te
697 1598 835 1671 jamnon
856 1604 957 1655 contra
977 1615 1095 1660 aecusa-

225 1698 316 1758 torem
336 1702 425 1763 tuum,
451 1698 503 1755 sed
517 1702 618 1754 contra
648 1694 669 1729 ⁴⁷
679 1703 861 1772 quaestorem
894 1703 1094 1772 sectoremque

226 1792 376 1867 pugnare?
407 1797 587 1869 Aspendum,
614 1798 709 1853 vetus'
726 1796 864 1869 oppidum
888 1803 918 1852 et
941 1796 1038 1853 nobile
1062 1796 1095 1856 in

228 1891 403 1966 Pamphyiia
416 1894 499 1951 scitis
507 1913 587 1961 esse,
597 1894 797 1967 plenissimum
810 1899 956 1966 signorum
975 1895 1096 1965 optimo·

226 2008 297 2048 rum.
319 2009 377 2050 non
400 1992 497 2049 dicam
523 1992 606 2050 ittinc
622 1993 677 2048 hoc
701 1991 816 2063 siguum
840 1992 968 2047 ablatum
982 1995 1098 2058 esse‚et

227 2089 316 2148 illud:
338 2089 394 2145 hoc
408 2090 485 2156 dico,
499 2092 612 2148 nulium
633 2093 661 2147 te
676 2089 810 2163 Aspendi
832 2090 955 2172 sigrium,
979 2091 1097 2159 Verres,

226 2187 391 2260 reliquisse:
413 2188 510 2246 onmia
524 2206 562 2246 ex
575 2188 660 2256 ionis,
679 2207 718 2245 ex
738 2189 811 2247 locis
836 2188 969 2262 publicis,
991 2192 1096 2262 petam,

226 2286 423 2360 spectantibus
442 2288 591 2357 omuibus,
619 2287 752 2363 plaustris
766 2296 873 2346 evecta
895 2294 1096 2364 asportatisque

229 2402 301 2450 esse.
344 2387 441 2462 Atque
454 2388 544 2451 etiam
557 2388 639 2447 ilium
656 2389 836 2461 Aspendium
857 2387 1046 2453 citharistam,
1059 2389 1097 2443 de

227 2501 284 2558 quo
296 2502 383 2558 ssepe
397 2485 516 2545 audistis
530 2486 570 2554 iu,
584 2486 659 2559 quod
673 2490 719 2542 est
742 2485 865 2542 Graecis
887 2484 1049 2542 hominibus
1065 2484 1098 2544 iu

258 2637 282 2670 ¹¹⁵
296 2637 456 2684 subsortiturus
462 2637 527 2697 eras]
559 2635 618 2683 Edd.
628 2650 661 2696 pr.
673 2641 697 2681 et
713 2639 769 2681 vett.
780 2635 864 2682 habent
873 2636 1002 2695 subsortitus
1010 2651 1038 2694 es,
1047 2637 1096 2685 Ms.

228 2696 274 2744 Gn.
290 2696 380 2743 sortitus
388 2709 417 2742 ss.
429 2695 532 2742 stridere
541 2700 593 2756 post
600 2695 732 2742 memmio
741 2695 806 2752 rmde,
817 2695 856 2740 sed
872 2699 934 2742 recte
943 2695 1098 2753 Hotomaupue

228 2753 549 2917 sqq

486 2886 525 2928 e,r

225 2871 485 2930 jamsubsertitumtuiss

550 2870 614 2918 nihili
625 2874 671 2926 est:
689 2886 740 2917 mm
749 2886 778 2916 ee
787 2871 844 2917 solet
858 2872 941 2919 addere
949 2872 1036 2929 Cicero,
1048 2888 1099 2920 eum

231 2931 330 2976 hocvult
340 2930 420 2976 dicere.
453 2930 511 2976 Satis
521 2931 590 2976 etiam
605 2930 782 2977 eratscrtr'tums
796 2935 858 2975 erat:
873 2929 976 2990 quoniam
995 2930 1036 2975 iila
1055 2946 1099 2977 non

229 2989 304 3037 roura
312 2995 362 3036 erat
377 2989 513 3059 misertitio,
522 3004 582 3050 quse
591 3002 632 3059 pro
647 2989 682 3035 rie
695 2989 784 3045 dicimr,
794 2991 819 3034 st
831 3003 876 3094 que
885 2992 936 3058 post
945 2988 1100 3061 rejectimrms

231 3048 305 3153 sm
314 3062 378 3110 supra
388 3065 418 3095 uc
437 3054 471 3096 est
490 3051 542 3096 Act.
560 3049 576 3097 1.
594 3063 618 3094 ιιι
658 3063 702 3096 err.
721 3064 740 3095 c.
754 3052 788 3098 10.
809 3063 836 3095 su
850 3052 968 3094 masmar
976 3063 1003 3095 m
1012 3048 1099 3098 Metelle

261 3185 284 3219 ⁴⁰
298 3187 475 3235 „semusto
491 3201 614 3248 ruaquum
628 3187 690 3235 doris
705 3187 768 3292 tuis&
800 3187 825 3234 ln
845 3185 892 3233 tuis
909 3200 953 3232 nou
972 3185 1019 3232 sine
1034 3201 1101 3237 mun

232 3243 327 3290 haereat
336 3244 421 3304 aliquis.
453 3246 512 3292 Nam
521 3247 585 3292 lurae
595 3252 645 3294 sunt
654 3254 740 3308 tempus
768 3245 1099 3294 iceronidatumeddioendum

231 3301 336 3348 oratione
345 3305 464 3361 perpetua:
481 3318 508 3348 eo
517 3303 677 3352 cteeronoluit
687 3306 728 3360 uti,
740 3306 778 3350 sed
788 3305 861 3373 potius
876 3304 951 3350 statim
969 3309 1036 3350 testes
1050 3321 1101 3366 pro-

233 3361 316 3407 ducere
331 3364 354 3404 et
363 3359 507 3418 interrogare,
518 3366 543 3407 ut
551 3362 635 3409 ciarum
644 3368 679 3409 est
697 3378 726 3409 ex
742 3369 844 3409 oratroue
859 3363 973 3433 superiori.
1004 3364 1053 3410 Nec
1065 3369 1101 3410 est

232 3419 279 3466 tuis
290 3433 303 3462 a
319 3418 480 3464 noemenias
513 3418 574 3470 Quia
582 3424 656 3467 tamen
666 3421 837 3466 concinnitatem
846 3423 906 3476 raet,
921 3422 1001 3467 nostris
1010 3422 1100 3468 testibus

247 3503 259 3513 ·
273 3503 283 3511 -
296 3432 416 3531 iliristsds,
424 3479 692 3531 uouausrsssmdeirre:
703 3479 924 3548 mntqsreltmetuae
932 3479 1099 3537 iitelligeudse,

233 3535 314 3597 quibus
323 3533 453 3580 Ciceronem
462 3535 495 3582 uti
505 3537 642 3583 commodum
652 3542 675 3582 et
691 3536 792 3597 optabrle
810 3545 860 3584 erat
869 3539 943 3590 Verri,
954 3543 1047 3599 propter
1062 3551 1100 3585 eas

235 3608 320 3649 causas,
332 3592 417 3654 quaein
427 3593 505 3639 eedem
514 3595 614 3641 oratione
624 3601 873 3652 commemorassemus
883 3612 905 3643 v.
916 3613 935 3642 c.
948 3599 977 3643 lt.

264 3673 286 3707 ⁴⁷
301 3676 434 3732 Wsstlmm
442 3674 600 3732 securasque]
634 3673 692 3719 iufra
702 3689 722 3720 e.
741 3677 944 3723 semetipsum
959 3679 1027 3720 sector
1043 3687 1101 3718 com·

235 3735 377 3779 memoratur·
409 3731 613 3781 assertorem-as
634 3731 724 3788 aerarii,
743 3734 917 3791 admissores,
937 3732 992 3778 nihil
1010 3747 1023 3775 e
1039 3730 1102 3800 bonis

234 3788 443 3852 redemissetis.
453 3789 989 3852 &Qquimisimniteaintegm
1010 3803 1099 3835 servan.
