<?xml version="1.0" encoding="UTF-8"?>
<!DOCTYPE html PUBLIC "-//W3C//DTD XHTML 1.0 Transitional//EN"
    "http://www.w3.org/TR/xhtml1/DTD/xhtml1-transitional.dtd">
<html xmlns="http://www.w3.org/1999/xhtml" xml:lang="en" lang="en">
 <head>
  <title>
</title>
<meta http-equiv="Content-Type" content="text/html;charset=utf-8" />
  <meta name='ocr-system' content='tesseract 3.04.00' />
  <meta name='ocr-capabilities' content='ocr_page ocr_carea ocr_par ocr_line ocrx_word'/>
</head>
<body>
  <div class='ocr_page' id='page_1' title='image "./mtvlliiciceroni04cicegoog_0355.png"; bbox 0 0 2700 4675; ppageno 0'>
   <div class='ocr_carea' id='block_1_1' title="bbox 427 556 1089 633">
    <p class='ocr_par' dir='ltr' id='par_1_1' title="bbox 427 556 1089 633">
     <span class='ocr_line' id='line_1_1' title="bbox 427 556 1089 633; baseline 0.021 -28"><span class='ocrx_word' id='word_1_1' title='bbox 427 556 510 633; x_wconf 73' lang='lat' dir='ltr'>scr.</span> <span class='ocrx_word' id='word_1_2' title='bbox 528 558 560 607; x_wconf 83' lang='lat' dir='ltr'>n</span> <span class='ocrx_word' id='word_1_3' title='bbox 587 557 686 612; x_wconf 81' lang='lat' dir='ltr'>arnna</span> <span class='ocrx_word' id='word_1_4' title='bbox 700 556 876 607; x_wconf 82' lang='lat' dir='ltr'>secuunus.</span> <span class='ocrx_word' id='word_1_5' title='bbox 1024 556 1089 630; x_wconf 63' lang='lat' dir='ltr'>aaa</span> 
     </span>
    </p>
   </div>
   <div class='ocr_carea' id='block_1_2' title="bbox 195 715 1170 3039">
    <p class='ocr_par' dir='ltr' id='par_1_2' title="bbox 195 715 1170 3039">
     <span class='ocr_line' id='line_1_2' title="bbox 216 715 1090 771; baseline -0.001 -14"><span class='ocrx_word' id='word_1_6' title='bbox 216 715 331 759; x_wconf 80' lang='lat' dir='ltr'>ureruu</span> <span class='ocrx_word' id='word_1_7' title='bbox 359 718 490 766; x_wconf 80' lang='lat' dir='ltr'>uvnnvu</span> <span class='ocrx_word' id='word_1_8' title='bbox 515 723 601 762; x_wconf 80' lang='lat' dir='ltr'>nram</span> <span class='ocrx_word' id='word_1_9' title='bbox 623 724 784 763; x_wconf 70' lang='lat' dir='ltr'>ennoean:</span> <span class='ocrx_word' id='word_1_10' title='bbox 809 722 858 771; x_wconf 82' lang='lat' dir='ltr'>nn,</span> <span class='ocrx_word' id='word_1_11' title='bbox 884 722 910 759; x_wconf 89' lang='lat' dir='ltr'>sr</span> <span class='ocrx_word' id='word_1_12' title='bbox 931 718 1017 767; x_wconf 77' lang='lat' dir='ltr'>nvon</span> <span class='ocrx_word' id='word_1_13' title='bbox 1044 719 1090 758; x_wconf 83' lang='lat' dir='ltr'>ne-</span> 
     </span>
     <span class='ocr_line' id='line_1_3' title="bbox 221 799 1092 869; baseline 0 -14"><span class='ocrx_word' id='word_1_14' title='bbox 221 816 280 856; x_wconf 80' lang='lat' dir='ltr'>snn</span> <span class='ocrx_word' id='word_1_15' title='bbox 303 818 436 869; x_wconf 75' lang='lat' dir='ltr'>nasama,</span> <span class='ocrx_word' id='word_1_16' title='bbox 458 819 490 858; x_wconf 90' lang='lat' dir='ltr'>1n</span> <span class='ocrx_word' id='word_1_17' title='bbox 519 822 626 860; x_wconf 75' lang='lat' dir='ltr'>ass-vu</span> <span class='ocrx_word' id='word_1_18' title='bbox 656 821 725 861; x_wconf 80' lang='lat' dir='ltr'>asse</span> <span class='ocrx_word' id='word_1_19' title='bbox 753 820 815 858; x_wconf 81' lang='lat' dir='ltr'>uou</span> <span class='ocrx_word' id='word_1_20' title='bbox 845 818 993 857; x_wconf 70' lang='lat' dir='ltr'>antonna.</span> <span class='ocrx_word' id='word_1_21' title='bbox 1045 799 1092 856; x_wconf 87' lang='lat' dir='ltr'>Eo</span> 
     </span>
     <span class='ocr_line' id='line_1_4' title="bbox 221 896 1091 974; baseline -0.001 -21"><span class='ocrx_word' id='word_1_22' title='bbox 221 897 271 954; x_wconf 90' lang='lat' dir='ltr'>die</span> <span class='ocrx_word' id='word_1_23' title='bbox 295 899 417 972; x_wconf 81' lang='lat' dir='ltr'>transigi</span> <span class='ocrx_word' id='word_1_24' title='bbox 440 900 515 957; x_wconf 90' lang='lat' dir='ltr'>nihil</span> <span class='ocrx_word' id='word_1_25' title='bbox 550 902 653 973; x_wconf 84' lang='lat' dir='ltr'>poluit,</span> <span class='ocrx_word' id='word_1_26' title='bbox 691 902 766 974; x_wconf 89' lang='lat' dir='ltr'>quod</span> <span class='ocrx_word' id='word_1_27' title='bbox 800 906 831 956; x_wconf 90' lang='lat' dir='ltr'>et</span> <span class='ocrx_word' id='word_1_28' title='bbox 860 898 881 930; x_wconf 78' lang='lat'>¹²</span> <span class='ocrx_word' id='word_1_29' title='bbox 897 899 927 955; x_wconf 91' lang='lat' dir='ltr'>id</span> <span class='ocrx_word' id='word_1_30' title='bbox 955 896 1091 969; x_wconf 83' lang='lat' dir='ltr'>temporis</span> 
     </span>
     <span class='ocr_line' id='line_1_5' title="bbox 225 995 1170 1071; baseline -0.004 -17"><span class='ocrx_word' id='word_1_31' title='bbox 225 1002 296 1064; x_wconf 83' lang='lat' dir='ltr'>erat,</span> <span class='ocrx_word' id='word_1_32' title='bbox 305 1003 335 1054; x_wconf 92' lang='lat' dir='ltr'>et</span> <span class='ocrx_word' id='word_1_33' title='bbox 349 998 400 1055; x_wconf 90' lang='lat' dir='ltr'>ille</span> <span class='ocrx_word' id='word_1_34' title='bbox 415 1003 497 1071; x_wconf 87' lang='lat' dir='ltr'>pater</span> <span class='ocrx_word' id='word_1_35' title='bbox 510 999 592 1056; x_wconf 91' lang='lat' dir='ltr'>istius</span> <span class='ocrx_word' id='word_1_36' title='bbox 606 999 761 1057; x_wconf 84' lang='lat' dir='ltr'>invenerat</span> <span class='ocrx_word' id='word_1_37' title='bbox 774 998 915 1065; x_wconf 88' lang='lat' dir='ltr'>homines,</span> <span class='ocrx_word' id='word_1_38' title='bbox 933 997 981 1071; x_wconf 89' lang='lat' dir='ltr'>qui</span> <span class='ocrx_word' id='word_1_39' title='bbox 995 995 1093 1052; x_wconf 88' lang='lat' dir='ltr'>dioen·</span> <span class='ocrx_word' id='word_1_40' title='bbox 1168 1056 1170 1066; x_wconf 32' lang='lat'>¹</span> 
     </span>
     <span class='ocr_line' id='line_1_6' title="bbox 221 1094 1093 1173; baseline -0.001 -23"><span class='ocrx_word' id='word_1_41' title='bbox 221 1094 260 1151; x_wconf 88' lang='lat' dir='ltr'>do</span> <span class='ocrx_word' id='word_1_42' title='bbox 271 1100 382 1168; x_wconf 86' lang='lat' dir='ltr'>tempus</span> <span class='ocrx_word' id='word_1_43' title='bbox 397 1102 609 1173; x_wconf 77' lang='lat' dir='ltr'><strong>consumerent.</strong></span> <span class='ocrx_word' id='word_1_44' title='bbox 652 1098 758 1153; x_wconf 78' lang='lat' dir='ltr'><strong>Postea</strong></span> <span class='ocrx_word' id='word_1_45' title='bbox 772 1116 862 1154; x_wconf 81' lang='lat' dir='ltr'>senex</span> <span class='ocrx_word' id='word_1_46' title='bbox 874 1098 982 1152; x_wconf 77' lang='lat' dir='ltr'><strong>Verres</strong></span> <span class='ocrx_word' id='word_1_47' title='bbox 996 1095 1093 1151; x_wconf 86' lang='lat' dir='ltr'>deien-</span> 
     </span>
     <span class='ocr_line' id='line_1_7' title="bbox 221 1175 1094 1271; baseline -0.002 -21"><span class='ocrx_word' id='word_1_48' title='bbox 221 1175 301 1250; x_wconf 89' lang='lat' dir='ltr'>sores</span> <span class='ocrx_word' id='word_1_49' title='bbox 322 1199 408 1268; x_wconf 90' lang='lat' dir='ltr'>atque</span> <span class='ocrx_word' id='word_1_50' title='bbox 429 1195 556 1271; x_wconf 87' lang='lat' dir='ltr'>hospites</span> <span class='ocrx_word' id='word_1_51' title='bbox 577 1212 677 1251; x_wconf 89' lang='lat' dir='ltr'>omnes</span> <span class='ocrx_word' id='word_1_52' title='bbox 694 1196 811 1253; x_wconf 89' lang='lat' dir='ltr'>Sthenii</span> <span class='ocrx_word' id='word_1_53' title='bbox 832 1195 992 1252; x_wconf 80' lang='lat' dir='ltr'>convenit:</span> <span class='ocrx_word' id='word_1_54' title='bbox 1012 1196 1094 1265; x_wconf 85' lang='lat' dir='ltr'>rogat</span> 
     </span>
     <span class='ocr_line' id='line_1_8' title="bbox 195 1290 1095 1368; baseline -0.004 -18"><span class='ocrx_word' id='word_1_55' title='bbox 195 1328 196 1332; x_wconf 61' lang='lat'><em>=</em></span> <span class='ocrx_word' id='word_1_56' title='bbox 222 1309 274 1350; x_wconf 88' lang='lat' dir='ltr'>eos</span> <span class='ocrx_word' id='word_1_57' title='bbox 288 1297 373 1365; x_wconf 84' lang='lat' dir='ltr'>alque</span> <span class='ocrx_word' id='word_1_58' title='bbox 387 1298 460 1360; x_wconf 86' lang='lat' dir='ltr'>orat,</span> <span class='ocrx_word' id='word_1_59' title='bbox 475 1311 511 1350; x_wconf 92' lang='lat' dir='ltr'>ne</span> <span class='ocrx_word' id='word_1_60' title='bbox 525 1299 696 1368; x_wconf 80' lang='lat' dir='ltr'>oppugnent</span> <span class='ocrx_word' id='word_1_61' title='bbox 708 1295 798 1351; x_wconf 83' lang='lat' dir='ltr'>lilium</span> <span class='ocrx_word' id='word_1_62' title='bbox 812 1311 910 1349; x_wconf 88' lang='lat' dir='ltr'>suum:</span> <span class='ocrx_word' id='word_1_63' title='bbox 924 1294 961 1347; x_wconf 89' lang='lat' dir='ltr'>de</span> <span class='ocrx_word' id='word_1_64' title='bbox 971 1290 1095 1347; x_wconf 80' lang='lat' dir='ltr'>Sthenio</span> 
     </span>
     <span class='ocr_line' id='line_1_9' title="bbox 225 1385 1096 1459; baseline -0.002 -12"><span class='ocrx_word' id='word_1_65' title='bbox 225 1408 263 1447; x_wconf 90' lang='lat' dir='ltr'>ne</span> <span class='ocrx_word' id='word_1_66' title='bbox 283 1392 429 1448; x_wconf 88' lang='lat' dir='ltr'>laborent:</span> <span class='ocrx_word' id='word_1_67' title='bbox 450 1385 602 1449; x_wconf 81' lang='lat' dir='ltr'>confirmat</span> <span class='ocrx_word' id='word_1_68' title='bbox 624 1392 679 1459; x_wconf 87' lang='lat' dir='ltr'>his,</span> <span class='ocrx_word' id='word_1_69' title='bbox 693 1397 856 1448; x_wconf 83' lang='lat' dir='ltr'>curaturum</span> <span class='ocrx_word' id='word_1_70' title='bbox 879 1408 911 1446; x_wconf 91' lang='lat' dir='ltr'>se</span> <span class='ocrx_word' id='word_1_71' title='bbox 935 1406 1009 1455; x_wconf 91' lang='lat' dir='ltr'>esse,</span> <span class='ocrx_word' id='word_1_72' title='bbox 1028 1387 1096 1445; x_wconf 55' lang='grc' dir='ltr'>ωηο</span> 
     </span>
     <span class='ocr_line' id='line_1_10' title="bbox 225 1487 1097 1563; baseline -0.002 -19"><span class='ocrx_word' id='word_1_73' title='bbox 225 1488 293 1563; x_wconf 88' lang='lat' dir='ltr'>quid</span> <span class='ocrx_word' id='word_1_74' title='bbox 308 1488 337 1544; x_wconf 89' lang='lat' dir='ltr'>ei</span> <span class='ocrx_word' id='word_1_75' title='bbox 349 1507 401 1561; x_wconf 88' lang='lat' dir='ltr'>per</span> <span class='ocrx_word' id='word_1_76' title='bbox 414 1490 505 1546; x_wconf 90' lang='lat' dir='ltr'>lilium</span> <span class='ocrx_word' id='word_1_77' title='bbox 518 1506 601 1545; x_wconf 91' lang='lat' dir='ltr'>suum</span> <span class='ocrx_word' id='word_1_78' title='bbox 617 1494 772 1545; x_wconf 81' lang='lat' dir='ltr'>noceatur:</span> <span class='ocrx_word' id='word_1_79' title='bbox 792 1507 824 1545; x_wconf 89' lang='lat' dir='ltr'>se</span> <span class='ocrx_word' id='word_1_80' title='bbox 848 1487 981 1545; x_wconf 87' lang='lat' dir='ltr'>homines</span> <span class='ocrx_word' id='word_1_81' title='bbox 1002 1492 1097 1544; x_wconf 84' lang='lat' dir='ltr'>eertos</span> 
     </span>
     <span class='ocr_line' id='line_1_11' title="bbox 228 1586 1097 1658; baseline 0 -16"><span class='ocrx_word' id='word_1_82' title='bbox 228 1586 289 1658; x_wconf 86' lang='lat' dir='ltr'>ejus</span> <span class='ocrx_word' id='word_1_83' title='bbox 304 1586 346 1642; x_wconf 91' lang='lat' dir='ltr'>rei</span> <span class='ocrx_word' id='word_1_84' title='bbox 359 1604 447 1643; x_wconf 87' lang='lat' dir='ltr'>causa</span> <span class='ocrx_word' id='word_1_85' title='bbox 468 1587 499 1643; x_wconf 89' lang='lat' dir='ltr'>in</span> <span class='ocrx_word' id='word_1_86' title='bbox 516 1587 648 1643; x_wconf 81' lang='lat' dir='ltr'>Siciliam</span> <span class='ocrx_word' id='word_1_87' title='bbox 662 1593 693 1643; x_wconf 90' lang='lat' dir='ltr'>et</span> <span class='ocrx_word' id='word_1_88' title='bbox 706 1593 781 1644; x_wconf 87' lang='lat' dir='ltr'>terra</span> <span class='ocrx_word' id='word_1_89' title='bbox 802 1592 832 1644; x_wconf 90' lang='lat' dir='ltr'>et</span> <span class='ocrx_word' id='word_1_90' title='bbox 853 1588 924 1644; x_wconf 89' lang='lat' dir='ltr'>mari</span> <span class='ocrx_word' id='word_1_91' title='bbox 937 1587 1097 1643; x_wconf 87' lang='lat' dir='ltr'>missurum.</span> 
     </span>
     <span class='ocr_line' id='line_1_12' title="bbox 228 1684 1099 1761; baseline 0 -20"><span class='ocrx_word' id='word_1_92' title='bbox 228 1684 268 1741; x_wconf 84' lang='lat' dir='ltr'>Et</span> <span class='ocrx_word' id='word_1_93' title='bbox 280 1690 342 1741; x_wconf 90' lang='lat' dir='ltr'>erat</span> <span class='ocrx_word' id='word_1_94' title='bbox 361 1686 485 1757; x_wconf 78' lang='lat' dir='ltr'>spatium</span> <span class='ocrx_word' id='word_1_95' title='bbox 508 1686 620 1743; x_wconf 89' lang='lat' dir='ltr'>dierum</span> <span class='ocrx_word' id='word_1_96' title='bbox 641 1686 700 1743; x_wconf 85' lang='lat' dir='ltr'>sere</span> <span class='ocrx_word' id='word_1_97' title='bbox 721 1686 840 1761; x_wconf 82' lang='lat' dir='ltr'>triginta</span> <span class='ocrx_word' id='word_1_98' title='bbox 861 1692 930 1744; x_wconf 85' lang='lat' dir='ltr'>ante</span> <span class='ocrx_word' id='word_1_99' title='bbox 951 1686 1099 1743; x_wconf 87' lang='lat' dir='ltr'>Kalendas</span> 
     </span>
     <span class='ocr_line' id='line_1_13' title="bbox 232 1783 1099 1858; baseline 0 -19"><span class='ocrx_word' id='word_1_100' title='bbox 232 1783 388 1840; x_wconf 85' lang='lat' dir='ltr'>Decembr.</span> <span class='ocrx_word' id='word_1_101' title='bbox 402 1784 520 1858; x_wconf 90' lang='lat' dir='ltr'>quodie</span> <span class='ocrx_word' id='word_1_102' title='bbox 534 1783 599 1851; x_wconf 86' lang='lat' dir='ltr'>iste,</span> <span class='ocrx_word' id='word_1_103' title='bbox 613 1790 644 1840; x_wconf 91' lang='lat' dir='ltr'>ut</span> <span class='ocrx_word' id='word_1_104' title='bbox 656 1786 809 1858; x_wconf 78' lang='lat' dir='ltr'><strong>Syracusis</strong></span> <span class='ocrx_word' id='word_1_105' title='bbox 824 1787 962 1842; x_wconf 75' lang='lat' dir='ltr'>Sthenius</span> <span class='ocrx_word' id='word_1_106' title='bbox 976 1787 1099 1852; x_wconf 81' lang='lat' dir='ltr'>adesset,</span> 
     </span>
     <span class='ocr_line' id='line_1_14' title="bbox 231 1879 1100 1954; baseline -0.001 -16"><span class='ocrx_word' id='word_1_107' title='bbox 231 1879 370 1938; x_wconf 84' lang='lat' dir='ltr'>edixerat.</span> <span class='ocrx_word' id='word_1_108' title='bbox 413 1882 644 1939; x_wconf 74' lang='lat' dir='ltr'>commoventur</span> <span class='ocrx_word' id='word_1_109' title='bbox 657 1882 746 1937; x_wconf 83' lang='lat' dir='ltr'>amici</span> <span class='ocrx_word' id='word_1_110' title='bbox 762 1882 888 1947; x_wconf 84' lang='lat' dir='ltr'>Sthenii,</span> <span class='ocrx_word' id='word_1_111' title='bbox 900 1887 1017 1954; x_wconf 86' lang='lat' dir='ltr'>sperant</span> <span class='ocrx_word' id='word_1_112' title='bbox 1030 1883 1100 1947; x_wconf 81' lang='lat' dir='ltr'>tore,</span> 
     </span>
     <span class='ocr_line' id='line_1_15' title="bbox 231 1976 1101 2052; baseline -0.005 -15"><span class='ocrx_word' id='word_1_113' title='bbox 231 1984 263 2037; x_wconf 92' lang='lat' dir='ltr'>ut</span> <span class='ocrx_word' id='word_1_114' title='bbox 282 1980 370 2052; x_wconf 82' lang='lat' dir='ltr'>patris</span> <span class='ocrx_word' id='word_1_115' title='bbox 391 1979 495 2034; x_wconf 86' lang='lat' dir='ltr'>litteris</span> <span class='ocrx_word' id='word_1_116' title='bbox 516 1977 681 2049; x_wconf 86' lang='lat' dir='ltr'>nuntiisque</span> <span class='ocrx_word' id='word_1_117' title='bbox 702 1978 777 2034; x_wconf 89' lang='lat' dir='ltr'>tilius</span> <span class='ocrx_word' id='word_1_118' title='bbox 796 1976 816 2007; x_wconf 83' lang='lat'>¹⁴</span> <span class='ocrx_word' id='word_1_119' title='bbox 830 1980 867 2034; x_wconf 90' lang='lat' dir='ltr'>ab</span> <span class='ocrx_word' id='word_1_120' title='bbox 877 1977 996 2049; x_wconf 84' lang='lat' dir='ltr'>incepto</span> <span class='ocrx_word' id='word_1_121' title='bbox 1008 1978 1101 2033; x_wconf 83' lang='lat' dir='ltr'>furore</span> 
     </span>
     <span class='ocr_line' id='line_1_16' title="bbox 233 2075 1103 2148; baseline -0.005 -13"><span class='ocrx_word' id='word_1_122' title='bbox 233 2081 398 2135; x_wconf 85' lang='lat' dir='ltr'>revocetur.</span> <span class='ocrx_word' id='word_1_123' title='bbox 440 2076 475 2131; x_wconf 91' lang='lat' dir='ltr'>lu</span> <span class='ocrx_word' id='word_1_124' title='bbox 490 2081 591 2131; x_wconf 88' lang='lat' dir='ltr'>senatu</span> <span class='ocrx_word' id='word_1_125' title='bbox 614 2080 714 2147; x_wconf 83' lang='lat' dir='ltr'>postea</span> <span class='ocrx_word' id='word_1_126' title='bbox 726 2092 813 2131; x_wconf 86' lang='lat' dir='ltr'>nausa</span> <span class='ocrx_word' id='word_1_127' title='bbox 827 2092 886 2131; x_wconf 92' lang='lat' dir='ltr'>non</span> <span class='ocrx_word' id='word_1_128' title='bbox 899 2076 1001 2148; x_wconf 84' lang='lat' dir='ltr'>agitur.</span> <span class='ocrx_word' id='word_1_129' title='bbox 1042 2075 1103 2130; x_wconf 86' lang='lat' dir='ltr'>Ve-</span> 
     </span>
     <span class='ocr_line' id='line_1_17' title="bbox 232 2172 1103 2249; baseline -0.007 -14"><span class='ocrx_word' id='word_1_130' title='bbox 232 2176 319 2235; x_wconf 88' lang='lat' dir='ltr'>niunt</span> <span class='ocrx_word' id='word_1_131' title='bbox 342 2175 378 2231; x_wconf 90' lang='lat' dir='ltr'>ad</span> <span class='ocrx_word' id='word_1_132' title='bbox 403 2172 489 2229; x_wconf 86' lang='lat' dir='ltr'>istum</span> <span class='ocrx_word' id='word_1_133' title='bbox 512 2172 664 2231; x_wconf 85' lang='lat' dir='ltr'>domestici</span> <span class='ocrx_word' id='word_1_134' title='bbox 679 2174 783 2241; x_wconf 88' lang='lat' dir='ltr'>nuntii,</span> <span class='ocrx_word' id='word_1_135' title='bbox 797 2174 961 2249; x_wconf 80' lang='lat' dir='ltr'>litterasque</span> <span class='ocrx_word' id='word_1_136' title='bbox 984 2191 1001 2231; x_wconf 89' lang='lat' dir='ltr'>a</span> <span class='ocrx_word' id='word_1_137' title='bbox 1022 2178 1103 2247; x_wconf 86' lang='lat' dir='ltr'>patre</span> 
     </span>
     <span class='ocr_line' id='line_1_18' title="bbox 236 2273 1104 2332; baseline -0.001 -1"><span class='ocrx_word' id='word_1_138' title='bbox 236 2274 359 2331; x_wconf 82' lang='lat' dir='ltr'>afferunt</span> <span class='ocrx_word' id='word_1_139' title='bbox 378 2279 446 2329; x_wconf 88' lang='lat' dir='ltr'>ante</span> <span class='ocrx_word' id='word_1_140' title='bbox 460 2273 608 2330; x_wconf 78' lang='lat' dir='ltr'>Kalendas</span> <span class='ocrx_word' id='word_1_141' title='bbox 620 2274 777 2331; x_wconf 85' lang='lat' dir='ltr'>Decembr.</span> <span class='ocrx_word' id='word_1_142' title='bbox 791 2292 857 2331; x_wconf 88' lang='lat' dir='ltr'>oum</span> <span class='ocrx_word' id='word_1_143' title='bbox 871 2274 921 2331; x_wconf 93' lang='lat' dir='ltr'>isti</span> <span class='ocrx_word' id='word_1_144' title='bbox 934 2274 1022 2332; x_wconf 88' lang='lat' dir='ltr'>etiam</span> <span class='ocrx_word' id='word_1_145' title='bbox 1042 2279 1104 2331; x_wconf 89' lang='lat' dir='ltr'>tum</span> 
     </span>
     <span class='ocr_line' id='line_1_19' title="bbox 236 2371 1104 2445; baseline 0 -16"><span class='ocrx_word' id='word_1_146' title='bbox 236 2374 274 2430; x_wconf 86' lang='lat' dir='ltr'>de</span> <span class='ocrx_word' id='word_1_147' title='bbox 296 2371 419 2429; x_wconf 85' lang='lat' dir='ltr'>Sthenio</span> <span class='ocrx_word' id='word_1_148' title='bbox 436 2371 549 2445; x_wconf 83' lang='lat' dir='ltr'>integra</span> <span class='ocrx_word' id='word_1_149' title='bbox 563 2378 623 2429; x_wconf 91' lang='lat' dir='ltr'>tota</span> <span class='ocrx_word' id='word_1_150' title='bbox 637 2390 683 2428; x_wconf 88' lang='lat' dir='ltr'>res</span> <span class='ocrx_word' id='word_1_151' title='bbox 704 2378 798 2427; x_wconf 87' lang='lat' dir='ltr'>esset:</span> <span class='ocrx_word' id='word_1_152' title='bbox 820 2375 978 2444; x_wconf 89' lang='lat' dir='ltr'>eodemque</span> <span class='ocrx_word' id='word_1_153' title='bbox 991 2374 1021 2428; x_wconf 90' lang='lat' dir='ltr'>ei</span> <span class='ocrx_word' id='word_1_154' title='bbox 1035 2380 1104 2430; x_wconf 89' lang='lat' dir='ltr'>tem-</span> 
     </span>
     <span class='ocr_line' id='line_1_20' title="bbox 235 2468 1105 2544; baseline -0.001 -18"><span class='ocrx_word' id='word_1_155' title='bbox 235 2488 305 2544; x_wconf 81' lang='lat' dir='ltr'>pore</span> <span class='ocrx_word' id='word_1_156' title='bbox 329 2472 366 2526; x_wconf 88' lang='lat' dir='ltr'>de</span> <span class='ocrx_word' id='word_1_157' title='bbox 388 2471 491 2525; x_wconf 89' lang='lat' dir='ltr'>eadem</span> <span class='ocrx_word' id='word_1_158' title='bbox 513 2486 543 2523; x_wconf 90' lang='lat' dir='ltr'>re</span> <span class='ocrx_word' id='word_1_159' title='bbox 567 2468 682 2523; x_wconf 81' lang='lat' dir='ltr'>litterae</span> <span class='ocrx_word' id='word_1_160' title='bbox 703 2469 864 2538; x_wconf 86' lang='lat' dir='ltr'>complures</span> <span class='ocrx_word' id='word_1_161' title='bbox 888 2485 906 2523; x_wconf 84' lang='lat' dir='ltr'>a</span> <span class='ocrx_word' id='word_1_162' title='bbox 925 2469 1024 2525; x_wconf 90' lang='lat' dir='ltr'>multis</span> <span class='ocrx_word' id='word_1_163' title='bbox 1044 2469 1105 2539; x_wconf 88' lang='lat' dir='ltr'>ejus</span> 
     </span>
     <span class='ocr_line' id='line_1_21' title="bbox 237 2563 1159 2638; baseline -0.004 -10"><span class='ocrx_word' id='word_1_164' title='bbox 237 2569 342 2628; x_wconf 86' lang='lat' dir='ltr'>amieis</span> <span class='ocrx_word' id='word_1_165' title='bbox 366 2584 400 2622; x_wconf 88' lang='lat' dir='ltr'>ao</span> <span class='ocrx_word' id='word_1_166' title='bbox 421 2563 592 2621; x_wconf 81' lang='lat' dir='ltr'>necessariis</span> <span class='ocrx_word' id='word_1_167' title='bbox 606 2564 768 2620; x_wconf 82' lang='lat' dir='ltr'>afferuntur.</span> <span class='ocrx_word' id='word_1_168' title='bbox 811 2564 869 2621; x_wconf 86' lang='lat' dir='ltr'>Hie</span> <span class='ocrx_word' id='word_1_169' title='bbox 888 2565 953 2632; x_wconf 90' lang='lat' dir='ltr'>iste,</span> <span class='ocrx_word' id='word_1_170' title='bbox 971 2565 1020 2638; x_wconf 88' lang='lat' dir='ltr'>qui</span> <span class='ocrx_word' id='word_1_171' title='bbox 1039 2583 1106 2638; x_wconf 86' lang='lat' dir='ltr'>prae</span> <span class='ocrx_word' id='word_1_172' title='bbox 1117 2567 1159 2625; x_wconf 75' lang='lat' dir='ltr'>dd</span> 
     </span>
     <span class='ocr_line' id='line_1_22' title="bbox 237 2661 1108 2738; baseline -0.002 -16"><span class='ocrx_word' id='word_1_173' title='bbox 237 2665 399 2738; x_wconf 67' lang='lat' dir='ltr'>carriditale</span> <span class='ocrx_word' id='word_1_174' title='bbox 414 2680 506 2734; x_wconf 89' lang='lat' dir='ltr'>neque</span> <span class='ocrx_word' id='word_1_175' title='bbox 520 2661 608 2717; x_wconf 85' lang='lat' dir='ltr'>officii</span> <span class='ocrx_word' id='word_1_176' title='bbox 622 2661 675 2727; x_wconf 85' lang='lat' dir='ltr'>sui,</span> <span class='ocrx_word' id='word_1_177' title='bbox 691 2678 783 2734; x_wconf 84' lang='lat' dir='ltr'>neque</span> <span class='ocrx_word' id='word_1_178' title='bbox 797 2663 928 2734; x_wconf 87' lang='lat' dir='ltr'>periculi,</span> <span class='ocrx_word' id='word_1_179' title='bbox 942 2682 1035 2736; x_wconf 90' lang='lat' dir='ltr'>neque</span> <span class='ocrx_word' id='word_1_180' title='bbox 1049 2663 1108 2736; x_wconf 87' lang='lat' dir='ltr'>pio·</span> 
     </span>
     <span class='ocr_line' id='line_1_23' title="bbox 239 2758 1109 2835; baseline -0.005 -13"><span class='ocrx_word' id='word_1_181' title='bbox 239 2764 319 2830; x_wconf 89' lang='lat' dir='ltr'>tatis,</span> <span class='ocrx_word' id='word_1_182' title='bbox 340 2771 432 2834; x_wconf 81' lang='lat' dir='ltr'>neque</span> <span class='ocrx_word' id='word_1_183' title='bbox 447 2758 632 2815; x_wconf 88' lang='lat' dir='ltr'>humanitatis</span> <span class='ocrx_word' id='word_1_184' title='bbox 651 2759 792 2816; x_wconf 90' lang='lat' dir='ltr'>rationem</span> <span class='ocrx_word' id='word_1_185' title='bbox 807 2760 954 2817; x_wconf 85' lang='lat' dir='ltr'>habuisset</span> <span class='ocrx_word' id='word_1_186' title='bbox 966 2779 1109 2835; x_wconf 85' lang='lat' dir='ltr'>umquam,</span> 
     </span>
     <span class='ocr_line' id='line_1_24' title="bbox 240 2857 1111 2936; baseline -0.002 -18"><span class='ocrx_word' id='word_1_187' title='bbox 240 2879 335 2936; x_wconf 87' lang='lat' dir='ltr'>neque</span> <span class='ocrx_word' id='word_1_188' title='bbox 350 2861 437 2925; x_wconf 84' lang='lat' dir='ltr'>ineo,</span> <span class='ocrx_word' id='word_1_189' title='bbox 452 2858 527 2930; x_wconf 91' lang='lat' dir='ltr'>quod</span> <span class='ocrx_word' id='word_1_190' title='bbox 541 2859 718 2924; x_wconf 87' lang='lat' dir='ltr'>monebatur,</span> <span class='ocrx_word' id='word_1_191' title='bbox 730 2857 930 2914; x_wconf 85' lang='lat' dir='ltr'>auctoritatem</span> <span class='ocrx_word' id='word_1_192' title='bbox 943 2858 1040 2929; x_wconf 86' lang='lat' dir='ltr'>patris,</span> <span class='ocrx_word' id='word_1_193' title='bbox 1054 2875 1111 2916; x_wconf 86' lang='lat' dir='ltr'>neo</span> 
     </span>
     <span class='ocr_line' id='line_1_25' title="bbox 240 2950 1112 3039; baseline -0.006 -21"><span class='ocrx_word' id='word_1_194' title='bbox 240 2960 273 3018; x_wconf 90' lang='lat' dir='ltr'>iu</span> <span class='ocrx_word' id='word_1_195' title='bbox 284 2979 329 3027; x_wconf 85' lang='lat' dir='ltr'>eo,</span> <span class='ocrx_word' id='word_1_196' title='bbox 339 2959 415 3033; x_wconf 87' lang='lat' dir='ltr'>quod</span> <span class='ocrx_word' id='word_1_197' title='bbox 427 2957 587 3029; x_wconf 88' lang='lat' dir='ltr'>rogabatur,</span> <span class='ocrx_word' id='word_1_198' title='bbox 607 2953 627 2985; x_wconf 82' lang='lat'>¹⁵</span> <span class='ocrx_word' id='word_1_199' title='bbox 633 2957 819 3039; x_wconf 65' lang='lat' dir='ltr'>voluntatem</span> <span class='ocrx_word' id='word_1_200' title='bbox 834 2950 1019 3032; x_wconf 81' lang='lat' dir='ltr'>(amisorum)</span> <span class='ocrx_word' id='word_1_201' title='bbox 1032 2961 1112 3013; x_wconf 88' lang='lat' dir='ltr'>ante·</span> 
     </span>
    </p>
   </div>
   <div class='ocr_carea' id='block_1_3' title="bbox 244 3105 1115 3275">
    <p class='ocr_par' dir='ltr' id='par_1_3' title="bbox 244 3105 1115 3275">
     <span class='ocr_line' id='line_1_26' title="bbox 273 3105 1114 3172; baseline 0 -15"><span class='ocrx_word' id='word_1_202' title='bbox 273 3112 296 3144; x_wconf 80' lang='lat'>¹²</span> <span class='ocrx_word' id='word_1_203' title='bbox 309 3112 336 3158; x_wconf 80' lang='lat' dir='ltr'>td</span> <span class='ocrx_word' id='word_1_204' title='bbox 347 3109 521 3168; x_wconf 68' lang='lat' dir='ltr'>temporinam]</span> <span class='ocrx_word' id='word_1_205' title='bbox 553 3108 595 3155; x_wconf 87' lang='lat' dir='ltr'>int.</span> <span class='ocrx_word' id='word_1_206' title='bbox 607 3106 653 3153; x_wconf 90' lang='lat' dir='ltr'>dies</span> <span class='ocrx_word' id='word_1_207' title='bbox 662 3107 781 3163; x_wconf 81' lang='lat' dir='ltr'>breviores,</span> <span class='ocrx_word' id='word_1_208' title='bbox 792 3105 869 3168; x_wconf 90' lang='lat' dir='ltr'>quibus</span> <span class='ocrx_word' id='word_1_209' title='bbox 884 3121 926 3153; x_wconf 93' lang='lat' dir='ltr'>non</span> <span class='ocrx_word' id='word_1_210' title='bbox 942 3108 1031 3168; x_wconf 80' lang='lat' dir='ltr'>longum</span> <span class='ocrx_word' id='word_1_211' title='bbox 1048 3109 1114 3172; x_wconf 89' lang='lat' dir='ltr'>spatii</span> 
     </span>
     <span class='ocr_line' id='line_1_27' title="bbox 246 3167 1115 3228; baseline 0 -11"><span class='ocrx_word' id='word_1_212' title='bbox 246 3169 393 3223; x_wconf 85' lang='lat' dir='ltr'>deliberandi,</span> <span class='ocrx_word' id='word_1_213' title='bbox 405 3175 430 3213; x_wconf 87' lang='lat' dir='ltr'>ut</span> <span class='ocrx_word' id='word_1_214' title='bbox 439 3169 504 3214; x_wconf 81' lang='lat' dir='ltr'>facile</span> <span class='ocrx_word' id='word_1_215' title='bbox 514 3174 599 3228; x_wconf 89' lang='lat' dir='ltr'>tempus</span> <span class='ocrx_word' id='word_1_216' title='bbox 609 3167 732 3225; x_wconf 81' lang='lat' dir='ltr'>legitimum</span> <span class='ocrx_word' id='word_1_217' title='bbox 743 3173 907 3212; x_wconf 87' lang='lat' dir='ltr'>consumeretur</span> <span class='ocrx_word' id='word_1_218' title='bbox 915 3167 1015 3227; x_wconf 75' lang='lat' dir='ltr'>dicendo,</span> <span class='ocrx_word' id='word_1_219' title='bbox 1026 3187 1066 3218; x_wconf 85' lang='lat' dir='ltr'>neo</span> <span class='ocrx_word' id='word_1_220' title='bbox 1080 3187 1115 3217; x_wconf 85' lang='lat' dir='ltr'>res</span> 
     </span>
     <span class='ocr_line' id='line_1_28' title="bbox 244 3227 559 3275; baseline -0.006 0"><span class='ocrx_word' id='word_1_221' title='bbox 244 3229 281 3275; x_wconf 78' lang='lat' dir='ltr'>ad</span> <span class='ocrx_word' id='word_1_222' title='bbox 288 3228 451 3274; x_wconf 82' lang='lat' dir='ltr'>decernendum</span> <span class='ocrx_word' id='word_1_223' title='bbox 465 3227 559 3273; x_wconf 84' lang='lat' dir='ltr'>veniret.</span> 
     </span>
    </p>
   </div>
   <div class='ocr_carea' id='block_1_4' title="bbox 244 3303 1118 3423">
    <p class='ocr_par' dir='ltr' id='par_1_4' title="bbox 244 3303 1118 3423">
     <span class='ocr_line' id='line_1_29' title="bbox 244 3303 1118 3368; baseline -0.005 -16"><span class='ocrx_word' id='word_1_224' title='bbox 244 3326 248 3333; x_wconf 89' lang='lat'><em>·</em></span> <span class='ocrx_word' id='word_1_225' title='bbox 277 3306 299 3339; x_wconf 82' lang='lat'>¹³</span> <span class='ocrx_word' id='word_1_226' title='bbox 313 3320 341 3351; x_wconf 81' lang='lat' dir='ltr'>aa</span> <span class='ocrx_word' id='word_1_227' title='bbox 351 3306 406 3364; x_wconf 78' lang='lat' dir='ltr'>qssid</span> <span class='ocrx_word' id='word_1_228' title='bbox 420 3330 430 3338; x_wconf 97' lang='lat'><em>-</em></span> <span class='ocrx_word' id='word_1_229' title='bbox 444 3331 454 3339; x_wconf 93' lang='lat'><em>-</em></span> <span class='ocrx_word' id='word_1_230' title='bbox 468 3304 600 3359; x_wconf 62' lang='lat' dir='ltr'>nocuerant</span> <span class='ocrx_word' id='word_1_231' title='bbox 632 3303 744 3361; x_wconf 73' lang='lat' dir='ltr'>Legitima</span> <span class='ocrx_word' id='word_1_232' title='bbox 754 3303 1010 3368; x_wconf 78' lang='lat' dir='ltr'>mnsaerrtiotempomm</span> <span class='ocrx_word' id='word_1_233' title='bbox 1019 3308 1118 3368; x_wconf 67' lang='lat' dir='ltr'>postulat</span> 
     </span>
     <span class='ocr_line' id='line_1_30' title="bbox 248 3361 675 3423; baseline -0.012 -10"><span class='ocrx_word' id='word_1_234' title='bbox 248 3369 360 3414; x_wconf 75' lang='lat' dir='ltr'>noceatur.</span> <span class='ocrx_word' id='word_1_235' title='bbox 373 3368 396 3408; x_wconf 86' lang='lat' dir='ltr'>et</span> <span class='ocrx_word' id='word_1_236' title='bbox 406 3363 436 3409; x_wconf 84' lang='lat' dir='ltr'>sic</span> <span class='ocrx_word' id='word_1_237' title='bbox 445 3362 522 3423; x_wconf 88' lang='lat' dir='ltr'>putavi</span> <span class='ocrx_word' id='word_1_238' title='bbox 532 3361 675 3408; x_wconf 81' lang='lat' dir='ltr'>scribendum.</span> 
     </span>
    </p>
   </div>
   <div class='ocr_carea' id='block_1_5' title="bbox 248 3439 1122 3680">
    <p class='ocr_par' dir='ltr' id='par_1_5' title="bbox 248 3439 1122 3680">
     <span class='ocr_line' id='line_1_31' title="bbox 276 3439 1117 3505; baseline 0.005 -19"><span class='ocrx_word' id='word_1_239' title='bbox 276 3442 298 3475; x_wconf 77' lang='lat'>¹⁴</span> <span class='ocrx_word' id='word_1_240' title='bbox 311 3443 339 3487; x_wconf 85' lang='lat' dir='ltr'>ab</span> <span class='ocrx_word' id='word_1_241' title='bbox 349 3439 536 3500; x_wconf 61' lang='lat' dir='ltr'>inceptofurore]</span> <span class='ocrx_word' id='word_1_242' title='bbox 564 3439 657 3485; x_wconf 85' lang='lat' dir='ltr'>Servavi</span> <span class='ocrx_word' id='word_1_243' title='bbox 668 3439 786 3486; x_wconf 84' lang='lat' dir='ltr'>lectionem</span> <span class='ocrx_word' id='word_1_244' title='bbox 795 3440 916 3500; x_wconf 85' lang='lat' dir='ltr'>vulgatam,</span> <span class='ocrx_word' id='word_1_245' title='bbox 927 3459 983 3505; x_wconf 88' lang='lat' dir='ltr'>quae</span> <span class='ocrx_word' id='word_1_246' title='bbox 993 3449 1027 3490; x_wconf 85' lang='lat' dir='ltr'>est</span> <span class='ocrx_word' id='word_1_247' title='bbox 1035 3445 1055 3489; x_wconf 88' lang='lat' dir='ltr'>in</span> <span class='ocrx_word' id='word_1_248' title='bbox 1066 3443 1117 3490; x_wconf 79' lang='lat' dir='ltr'>eud.</span> 
     </span>
     <span class='ocr_line' id='line_1_32' title="bbox 248 3497 1120 3564; baseline 0 -16"><span class='ocrx_word' id='word_1_249' title='bbox 248 3515 283 3564; x_wconf 83' lang='lat' dir='ltr'>pr.</span> <span class='ocrx_word' id='word_1_250' title='bbox 298 3499 341 3546; x_wconf 84' lang='lat' dir='ltr'>etsi</span> <span class='ocrx_word' id='word_1_251' title='bbox 351 3500 466 3546; x_wconf 84' lang='lat' dir='ltr'>vitiosam:</span> <span class='ocrx_word' id='word_1_252' title='bbox 483 3499 536 3560; x_wconf 88' lang='lat' dir='ltr'>quia</span> <span class='ocrx_word' id='word_1_253' title='bbox 552 3512 594 3544; x_wconf 92' lang='lat' dir='ltr'>non</span> <span class='ocrx_word' id='word_1_254' title='bbox 625 3497 671 3543; x_wconf 86' lang='lat' dir='ltr'>otui</span> <span class='ocrx_word' id='word_1_255' title='bbox 688 3513 737 3544; x_wconf 87' lang='lat' dir='ltr'>cum</span> <span class='ocrx_word' id='word_1_256' title='bbox 752 3500 831 3546; x_wconf 83' lang='lat' dir='ltr'>fiducia</span> <span class='ocrx_word' id='word_1_257' title='bbox 846 3501 972 3556; x_wconf 80' lang='lat' dir='ltr'>decernere,</span> <span class='ocrx_word' id='word_1_258' title='bbox 983 3502 1120 3548; x_wconf 81' lang='lat' dir='ltr'>variantibus</span> 
     </span>
     <span class='ocr_line' id='line_1_33' title="bbox 252 3512 1120 3619; baseline 0 -13"><span class='ocrx_word' id='word_1_259' title='bbox 252 3560 321 3606; x_wconf 85' lang='lat' dir='ltr'>eliam</span> <span class='ocrx_word' id='word_1_260' title='bbox 331 3557 400 3604; x_wconf 84' lang='lat' dir='ltr'>libris.</span> <span class='ocrx_word' id='word_1_261' title='bbox 432 3559 479 3605; x_wconf 85' lang='grc' dir='ltr'>Μι.</span> <span class='ocrx_word' id='word_1_262' title='bbox 491 3559 593 3619; x_wconf 86' lang='lat' dir='ltr'>antiquus</span> <span class='ocrx_word' id='word_1_263' title='bbox 610 3512 679 3603; x_wconf 70' lang='lat' dir='ltr'>iabet</span> <span class='ocrx_word' id='word_1_264' title='bbox 695 3558 723 3602; x_wconf 82' lang='lat' dir='ltr'>ab</span> <span class='ocrx_word' id='word_1_265' title='bbox 736 3558 777 3603; x_wconf 82' lang='lat' dir='ltr'>a&#39;llo</span> <span class='ocrx_word' id='word_1_266' title='bbox 786 3560 879 3616; x_wconf 80' lang='lat' dir='ltr'>surore,</span> <span class='ocrx_word' id='word_1_267' title='bbox 889 3561 928 3605; x_wconf 88' lang='lat' dir='ltr'>alii</span> <span class='ocrx_word' id='word_1_268' title='bbox 939 3561 968 3606; x_wconf 89' lang='lat' dir='ltr'>ab</span> <span class='ocrx_word' id='word_1_269' title='bbox 980 3562 1062 3615; x_wconf 76' lang='lat' dir='ltr'>incspb</span> <span class='ocrx_word' id='word_1_270' title='bbox 1072 3562 1120 3617; x_wconf 74' lang='lat' dir='ltr'>ilo,</span> 
     </span>
     <span class='ocr_line' id='line_1_34' title="bbox 253 3615 1122 3680; baseline 0.002 -17"><span class='ocrx_word' id='word_1_271' title='bbox 253 3617 313 3678; x_wconf 85' lang='lat' dir='ltr'>quod</span> <span class='ocrx_word' id='word_1_272' title='bbox 332 3631 382 3661; x_wconf 83' lang='lat' dir='ltr'>rece</span> <span class='ocrx_word' id='word_1_273' title='bbox 397 3617 415 3661; x_wconf 86' lang='lat' dir='ltr'>it</span> <span class='ocrx_word' id='word_1_274' title='bbox 426 3615 550 3662; x_wconf 84' lang='lat' dir='ltr'>Graevius:</span> <span class='ocrx_word' id='word_1_275' title='bbox 567 3616 622 3662; x_wconf 90' lang='lat' dir='ltr'>illud</span> <span class='ocrx_word' id='word_1_276' title='bbox 639 3631 693 3662; x_wconf 86' lang='lat' dir='ltr'>sane</span> <span class='ocrx_word' id='word_1_277' title='bbox 710 3617 794 3671; x_wconf 83' lang='lat' dir='ltr'>melius,</span> <span class='ocrx_word' id='word_1_278' title='bbox 807 3619 859 3678; x_wconf 89' lang='lat' dir='ltr'>quia</span> <span class='ocrx_word' id='word_1_279' title='bbox 874 3623 908 3664; x_wconf 87' lang='lat' dir='ltr'>est</span> <span class='ocrx_word' id='word_1_280' title='bbox 924 3619 1019 3680; x_wconf 75' lang='lat' dir='ltr'>gravius,</span> <span class='ocrx_word' id='word_1_281' title='bbox 1031 3634 1080 3663; x_wconf 85' lang='lat' dir='ltr'>nam</span> <span class='ocrx_word' id='word_1_282' title='bbox 1098 3624 1122 3665; x_wconf 92' lang='lat' dir='ltr'>et</span> 
     </span>
    </p>
   </div>
   <div class='ocr_carea' id='block_1_6' title="bbox 245 3671 1122 3776">
    <p class='ocr_par' dir='ltr' id='par_1_6' title="bbox 245 3671 1122 3776">
     <span class='ocr_line' id='line_1_35' title="bbox 245 3671 1122 3776; baseline 0.003 -55"><span class='ocrx_word' id='word_1_283' title='bbox 245 3671 310 3722; x_wconf 78' lang='lat' dir='ltr'>iufra</span> <span class='ocrx_word' id='word_1_284' title='bbox 320 3679 369 3719; x_wconf 84' lang='lat' dir='ltr'>esto</span> <span class='ocrx_word' id='word_1_285' title='bbox 393 3675 489 3776; x_wconf 55' lang='lat' dir='ltr'>didm</span> <span class='ocrx_word' id='word_1_286' title='bbox 499 3675 652 3734; x_wconf 70' lang='lat' dir='ltr'>sanitatemque</span> <span class='ocrx_word' id='word_1_287' title='bbox 661 3675 772 3721; x_wconf 76' lang='lat' dir='ltr'>roduam.</span> <span class='ocrx_word' id='word_1_288' title='bbox 789 3677 856 3723; x_wconf 83' lang='lat' dir='ltr'>Corte</span> <span class='ocrx_word' id='word_1_289' title='bbox 865 3678 995 3722; x_wconf 83' lang='lat' dir='ltr'>alterutrum</span> <span class='ocrx_word' id='word_1_290' title='bbox 1005 3677 1122 3724; x_wconf 77' lang='lat' dir='ltr'>delendum</span> 
     </span>
    </p>
   </div>
   <div class='ocr_carea' id='block_1_7' title="bbox 250 3731 1133 3876">
    <p class='ocr_par' dir='ltr' id='par_1_7' title="bbox 250 3731 1133 3876">
     <span class='ocr_line' id='line_1_36' title="bbox 250 3731 1092 3795; baseline 0.006 -19"><span class='ocrx_word' id='word_1_291' title='bbox 250 3736 295 3790; x_wconf 74' lang='lat' dir='ltr'>est,</span> <span class='ocrx_word' id='word_1_292' title='bbox 307 3731 347 3777; x_wconf 87' lang='lat' dir='ltr'>nisi</span> <span class='ocrx_word' id='word_1_293' title='bbox 356 3746 393 3777; x_wconf 87' lang='lat' dir='ltr'>ma</span> <span class='ocrx_word' id='word_1_294' title='bbox 431 3732 480 3792; x_wconf 89' lang='lat' dir='ltr'>quis</span> <span class='ocrx_word' id='word_1_295' title='bbox 488 3733 609 3789; x_wconf 71' lang='lat' dir='ltr'>obv&#39;ssseplo</span> <span class='ocrx_word' id='word_1_296' title='bbox 619 3735 730 3790; x_wconf 75' lang='lat' dir='ltr'>elsumre.</span> <span class='ocrx_word' id='word_1_297' title='bbox 747 3736 806 3795; x_wconf 92' lang='lat' dir='ltr'>quod</span> <span class='ocrx_word' id='word_1_298' title='bbox 816 3736 871 3782; x_wconf 88' lang='lat' dir='ltr'>mihi</span> <span class='ocrx_word' id='word_1_299' title='bbox 879 3735 986 3795; x_wconf 87' lang='lat' dir='ltr'>optimum</span> <span class='ocrx_word' id='word_1_300' title='bbox 997 3735 1092 3781; x_wconf 83' lang='lat' dir='ltr'>videtur.</span> 
     </span>
     <span class='ocr_line' id='line_1_37' title="bbox 281 3807 1133 3876; baseline 0.006 -19"><span class='ocrx_word' id='word_1_301' title='bbox 281 3809 303 3844; x_wconf 80' lang='lat'>¹⁵</span> <span class='ocrx_word' id='word_1_302' title='bbox 316 3810 544 3870; x_wconf 58' lang='lat' dir='ltr'>armamento]</span> <span class='ocrx_word' id='word_1_303' title='bbox 575 3807 620 3857; x_wconf 85' lang='lat' dir='ltr'>Hie</span> <span class='ocrx_word' id='word_1_304' title='bbox 629 3824 694 3858; x_wconf 81' lang='lat' dir='ltr'>aures</span> <span class='ocrx_word' id='word_1_305' title='bbox 708 3827 772 3859; x_wconf 85' lang='lat' dir='ltr'>mene</span> <span class='ocrx_word' id='word_1_306' title='bbox 788 3813 874 3874; x_wconf 83' lang='lat' dir='ltr'>aliquid</span> <span class='ocrx_word' id='word_1_307' title='bbox 889 3811 1017 3859; x_wconf 85' lang='lat' dir='ltr'>desiderant</span> <span class='ocrx_word' id='word_1_308' title='bbox 1030 3815 1059 3860; x_wconf 84' lang='lat' dir='ltr'>ad</span> <span class='ocrx_word' id='word_1_309' title='bbox 1075 3830 1133 3876; x_wconf 52' lang='lat' dir='ltr'>per*</span> 
     </span>
    </p>
   </div>
   <div class='ocr_carea' id='block_1_8' title="bbox 0 0 1396 4675">
    <p class='ocr_par' dir='ltr' id='par_1_8' title="bbox 0 0 1396 4675">
     <span class='ocr_line' id='line_1_38' title="bbox 0 0 1396 4675; baseline 0 0"><span class='ocrx_word' id='word_1_310' title='bbox 0 0 1396 4675; x_wconf 95' lang='lat' dir='ltr'> </span> 
     </span>
    </p>
   </div>
  </div>
 </body>
</html>
