2700 4675
243 553 285 612 52³.
612 541 736 593 ontl'lo

243 699 373 769 tompore
398 698 466 753 sunt
491 692 709 770 impedimento.
750 690 817 751 flue
844 689 967 748 amauit
991 707 1120 751 mmmm

244 792 337 862 timor,
357 811 443 870 quem
461 794 533 853 milri
546 799 648 853 natura
661 792 806 868 pudorque
826 805 908 846 maus
922 789 1073 860 attribuit,
1092 795 1118 850 et

244 898 342 951 vestra
354 893 490 968 dignitas,
511 900 541 951 et
555 894 601 951 vis
621 888 858 956 adversariorum,
877 893 908 946 et
923 889 1000 947 Sex.
1019 888 1118 948 Roscii

243 992 381 1065 pericula.
423 992 605 1064 Quapropter
618 1009 671 1048 vos
685 1007 735 1047 oro
749 987 1116 1065 atqueobsooro,judioes,
1155 980 1157 984 ’

243 1094 275 1146 ut
301 1093 413 1146 attento
430 1090 561 1164 musque
579 1105 647 1145 oum
669 1088 758 1145 venia
782 1088 873 1144 verba
890 1103 957 1142 mea
980 1086 1115 1145 audiatis

243 1187 319 1244 Fide
339 1185 538 1263 sapientiaque
566 1193 664 1244 vestra
687 1186 775 1243 iratus
796 1186 861 1259 plus
882 1185 982 1242 oneris
1005 1184 1116 1253 sustuli,

243 1304 328 1362 quam
355 1288 429 1345 terre
455 1305 503 1345 mo
529 1303 613 1360 posse
640 1284 783 1359 intelligo.
824 1284 890 1341 Hoc
912 1300 990 1341 onus
1016 1285 1044 1342 si
1067 1301 1116 1342 vos

244 1387 340 1463 aliqua
359 1393 496 1462 exparte
516 1385 692 1453 alterabilis,
715 1386 813 1452 leram,
833 1387 866 1440 ut
885 1388 999 1455 potero,
1020 1383 1119 1443 studio

244 1493 274 1544 et
287 1487 436 1554 industria,
444 1485 575 1559 judices:
593 1486 638 1542 sin
653 1504 670 1542 a
689 1485 774 1542 vobis
788 1481 831 1554 (id
845 1484 921 1557 quod
935 1501 997 1540 non
1018 1481 1114 1563 spero)

243 1585 374 1653 deseram
394 1589 491 1641 tamen
505 1585 603 1641 animo
623 1601 682 1640 non
697 1583 839 1650 deficiam,
858 1587 889 1639 et
901 1582 942 1650 id,
956 1586 1037 1657 quod
1057 1601 1115 1642 aus

242 1682 318 1755 oapi,
340 1683 433 1757 quoad
452 1686 560 1755 potero,
590 1682 741 1753 perieram.
772 1682 874 1755 quodsi
898 1682 1027 1755 perterre
1056 1701 1113 1742 non

242 1785 358 1856 potero3
377 1780 500 1856 opprimi
521 1798 568 1838 mc
581 1799 669 1838 onere
683 1779 772 1838 officii
783 1782 869 1848 malo,
882 1797 968 1855 quam
981 1780 1025 1849 id,
1039 1783 1117 1857 φοᾱ
1136 1769 1141 1776 ’

243 1880 315 1938 mihi
328 1898 395 1939 cum
413 1882 471 1940 lide
484 1882 574 1939 semel
594 1880 760 1954 impositum
777 1886 830 1946 est,
850 1882 900 1935 aut
913 1884 1034 1952 propter
1053 1897 1115 1954 per·

242 1982 343 2039 fidiam
354 1980 488 2055 abjicere,
508 1984 557 2038 aut
577 1985 692 2055 propter
705 1979 902 2037 infirmitatem
915 1977 1010 2035 aniuai
1029 1981 1117 2053 depo

243 2098 322 2136 nere.
364 2080 414 2136 'Pe
427 2098 539 2153 quoquc
551 2097 735 2154 magnopere,
754 2078 797 2134 Μ.
813 2076 920 2143 Fanni,
934 2093 1055 2150 quaeso,
1076 2083 1117 2146 ut,

243 2179 357 2249 qualem
372 2182 401 2231 to
417 2178 480 2248 jam
493 2182 581 2233 antea
594 2180 700 2249 populo
719 2178 853 2233 Romano
865 2174 1035 2248 prraebuhti,
1049 2193 1116 2235 cm

242 2272 329 2330 qlruic
349 2272 428 2330 idem
447 2273 609 2350 quaestioni
625 2274 720 2347 judex
743 2291 900 2348 praeesses,
920 2276 1013 2331 talam
1035 2281 1065 2333 ts
1086 2279 1119 2335 st

242 2373 327 2432 nobis
354 2380 385 2431 et
413 2376 520 2448 populo
544 2373 676 2432 Romano
705 2375 762 2431 lroc
790 2379 919 2448 tempore
952 2374 1115 2448 impertias

213 2475 361 2550 5Quauta
375 2475 528 2533 multitudo
550 2475 699 2532 hominum
712 2474 885 2532 convenerit
906 2473 944 2528 ad
964 2474 1026 2531 hoe
1038 2476 1116 2548 jurii

244 2576 330 2644 cium,
342 2576 441 2632 vides:
463 2592 536 2648 quae
549 2574 588 2630 sit
601 2574 731 2632 omnium
743 2571 907 2631 mortalium
919 2574 1119 2644 exspectetis

243 2691 317 2747 quae
330 2673 482 2745 cupiditas,
501 2676 534 2728 ut
547 2672 625 2728 aeria
639 2689 674 2728 ao
689 2689 792 2727 severa
805 2670 920 2741 justicia
934 2671 1016 2738 fiant,
1030 2672 1116 2730 intel

243 2770 319 2844 ligis.
361 2773 464 2845 Longo
481 2770 637 2827 intervallo
653 2767 797 2841 judicium
817 2767 894 2822 inter
914 2769 1038 2828 sicarios
1056 2773 1115 2831 lane

243 2869 366 2944 primum
379 2868 576 2935 committitur,
596 2884 663 2923 oum
683 2866 796 2920 interea
817 2864 923 2919 caedes
944 2864 1114 2945 indigum

243 2987 308 3025 mae
322 2969 524 3040 maximaeque
535 2965 630 3020 motae
644 2962 712 3018 sint.
754 2963 863 3019 Omnes
878 2963 953 3020 lranc
968 2970 1113 3040 quaestio

242 3082 321 3134 nem,
334 3070 363 3121 te
377 3067 517 3137 praetore,
535 3062 571 3117 de
593 3059 753 3118 manifestis
767 3062 918 3119 maleficiis
931 3066 1115 3139 quotidiano-

242 3180 298 3238 que
318 3161 459 3236 sanguiue
472 3159 548 3216 haud
568 3159 714 3219 remissius
735 3165 850 3235 sperant
869 3162 1000 3220 niumm.
1046 3169 1113 3241 Qu

242 3259 451 3343 vociferatione
472 3258 503 3317 in
517 3259 622 3317 ceteris
641 3260 763 3333 judiciis
782 3265 964 3318 accusatores
985 3265 1030 3322 uti
1044 3284 1117 3327 con-

242 3364 407 3429 sueverunt,
430 3376 466 3416 ea
487 3376 539 3418 uos
563 3361 619 3416 hoo
642 3364 772 3435 tempore
789 3361 903 3430 utimur,
925 3362 972 3435 qui
993 3379 1115 3425 causan

241 3459 373 3519 dicimus.
414 3457 543 3518 Petimus
557 3461 607 3517 abs
622 3464 662 3528 te,
676 3460 720 3519 M.
743 3461 881 3529 Fannia
901 3460 1053 3536 vobisque,
1064 3464 1114 3537 ju·

242 3561 333 3628 dices,
347 3563 475 3632 utquam
490 3559 629 3616 acerrime
642 3559 787 3618 maleficia
801 3558 968 3626 vindicetis,
979 3564 1010 3616 ut
1023 3578 1115 3636 quam

270 3712 563 3774 incimmemmaum]
594 3714 677 3762 Eidem
685 3716 783 3762 maluere
791 3713 884 3762 uotum
895 3711 1011 3761 Graevius.
1045 3715 1112 3767 Miffi

239 3773 300 3819 iciant
314 3773 437 3832 elegantius
451 3776 497 3819 est:
514 3786 555 3818 nec
564 3787 619 3834 opus
635 3783 684 3820 erat
698 3775 780 3819 addere
793 3773 868 3818 adan.
901 3769 1039 3828 intelligitur
1053 3776 1116 3830 eni.

239 3846 280 3878 sua
289 3837 367 3892 sponte
375 3831 477 3893 quaestio
486 3831 544 3879 inter
554 3832 649 3880 sicarios.
680 3832 799 3889 Dejudice
806 3830 941 3891 quaestionis
949 3843 970 3874 v.
981 3829 1048 3878 (llau.
