2700 4675
461 596 534 646 scr.
550 596 580 647 11.
595 597 884 650 mnasncnnuns.
1033 598 1096 658 321

227 738 355 796 nefarius
374 741 413 798 de
436 743 556 802 homine
577 747 680 815 nobili,
704 752 790 820 atque
811 745 843 802 id
863 740 1099 812 aetatemque

225 834 352 909 hospite,
362 839 453 914 virgis
465 843 638 915 supplicium
646 843 845 902 amdetissime
856 844 990 899 sumeret.
1013 837 1099 909 Quod

227 949 295 992 cum
320 943 397 995 esset
420 940 624 1013 perspicuum
654 943 693 999 de
716 941 874 999 amicarum
896 926 1099 1011 hospitumque

227 1048 342 1091 suorum
356 1038 511 1105 sententia,
523 1039 662 1097 Thermis
678 1040 817 1097 Sthenius
831 1039 955 1096 Romam
965 1033 1097 1108 profugit.

226 1125 239 1161 ³
252 1130 344 1187 hiemi
358 1150 422 1189 sese
433 1134 812 1211 fluctibusquecommittere
822 1134 1027 1208 maluntquam
1037 1147 1097 1188 non

226 1226 314 1285 istam
335 1248 519 1291 communem
544 1234 707 1293 Siculorum
727 1239 930 1309 tempestatem
949 1229 1097 1289 calamita·

227 1330 344 1401 temque
358 1330 462 1387 vitere-
503 1334 564 1390 lste
578 1335 665 1391 horno
677 1338 774 1390 certus
793 1337 824 1389 et
842 1332 978 1404 diligens,
991 1330 1028 1385 ad
1047 1329 1097 1384 ho·
1107 1313 1150 1375 3⁸

226 1439 290 1482 ram
303 1444 411 1485 nonam
424 1435 539 1501 praesto
551 1435 606 1488 est.
636 1430 791 1487 Sthenium
805 1428 997 1500 citarijubet:
1011 1440 1098 1499 quem

225 1527 413 1598 posteaquam
438 1526 521 1583 videt
548 1544 607 1584 nun
631 1528 743 1595 adesse,
763 1529 862 1584 dotare
883 1526 993 1592 ardere,
1010 1529 1097 1597 atque

226 1619 377 1679 iracundia
390 1622 484 1680 furere
497 1625 614 1698 coepit:
629 1625 776 1683 Venerios
788 1623 839 1682 ⁸iu
852 1625 970 1682 domm
981 1620 1097 1681 Sthenii

226 1717 354 1776 mittere:
368 1722 481 1795 equites
494 1723 604 1781 circum
618 1741 701 1799 agros
715 1724 777 1796 q'us
787 1723 930 1799 villasque
939 1721 1095 1780 dimittere.

222 1814 325 1891 'itaque
347 1819 417 1876 dum
440 1827 601 1893 exspectat,
619 1823 758 1896 quidnam
780 1822 837 1879 sibi
857 1822 932 1879 certi
955 1822 1097 1887 afferatur,

227 1919 296 1971 ante
307 1916 408 1973 huram
419 1918 533 1974 tertiam
547 1918 643 1974 nactis
655 1919 765 1974 defore
779 1936 837 1973 nen
851 1916 994 1974 discessit.
1015 1917 1098 1972 Post·

226 2012 301 2069 ridie
320 2012 428 2070 ”mane
451 2014 620 2071 descendit:
651 2014 833 2087 Agathinum
853 2015 891 2071 ad
912 2030 976 2069 sese
990 2015 1096 2069 vocat:

218 2109 316 2183 iubet,
330 2128 396 2166 eum
416 2112 453 2167 de
473 2106 576 2169 litteris
591 2112 717 2185 publicis
730 2111 762 2169 in
776 2112 927 2169 absentem
942 2108 1098 2168 Sthenium

226 2207 336 2272 dicere.
377 2209 448 2266 Erat
461 2209 602 2284 ejusmodi
622 2228 719 2279 causa,
732 2215 765 2268 ut
783 2210 834 2269 ille
854 2228 892 2268 ne
912 2210 976 2267 sine
996 2210 1098 2266 adven

226 2305 303 2364 sario
317 2306 442 2381 quidem,
454 2310 531 2382 apud
544 2310 697 2370 inimicum
704 2310 846 2383 judicem,
854 2309 978 2384 reperire
991 2310 1099 2382 postet·

224 2404 294 2480 quid
307 2405 426 2464 diceret
468 2408 570 2480 ltaque
583 2413 697 2464 tantum
710 2411 801 2464 verbu
819 2408 924 2478 posuit,
940 2408 1102 2462 Sacerdote

226 2508 368 2574 praetore,
381 2502 536 2559 Sthenium
553 2505 664 2560 litteras
679 2503 809 2575 publicas
823 2502 992 2574 corrupisse.
1033 2501 1098 2561 Vix

226 2599 279 2659 iile
294 2601 350 2656 hoe
370 2600 494 2664 dixerat,
511 2617 578 2657 cum
600 2600 655 2657 iste
669 2600 845 2673 pronuntiat,
860 2617 1020 2657 srannrvrs
1033 2615 1098 2656 mn·

225 2713 328 2756 nuans
350 2713 499 2753 uvanrcsa
524 2715 711 2755 conaverssn
732 2715 861 2755 vinnm:
881 2703 913 2755 et
930 2700 1004 2755 haec
1018 2715 1099 2772 prae·

197 2858 208 2863 .,
227 2801 310 2854 terea
331 2793 443 2852 addidit
466 2795 554 2851 homo
574 2796 731 2864 Venerius,
760 2795 871 2852 ¹’nova
896 2797 992 2863 medo,
1016 2799 1098 2854 nullo

225 2896 371 2966 exemplo,
388 2911 427 2950 oa
444 2911 509 2951 nun
524 2912 588 2951 aun
603 2912 657 2952 n·s
669 2909 881 2960 uvrncnnms
894 2910 1012 2950 vanans
1025 2910 1098 2950 aar·

225 3009 322 3050 crasa
339 3010 382 3050 nn
405 3010 537 3050 sarsana
555 3010 646 3051 nuans
660 3008 870 3051 axacuvavn:
890 2992 1023 3064 musque
1037 2990 1098 3064 eim

222 3091 324 3149 stetim
350 3091 451 3166 saepit
476 3093 626 3150 vendere:
656 3098 687 3150 et
717 3090 877 3158 vendisset,
903 3089 929 3147 si
956 3092 1098 3150 tantulum

251 3213 403 3292 ¹‘¹hs'euu'scsc
431 3246 575 3306 ,quaerant
607 3245 716 3295 Graevius
724 3241 782 3302 last.
793 3258 842 3290 scre
868 3243 904 3292 Sic
913 3244 965 3292 edd.
974 3247 1029 3291 vett
1055 3243 1099 3291 illa

226 3301 390 3351 rollosatiosst
419 3304 504 3351 iceroni
512 3304 783 3353 usitatioretvenrutior:
794 3317 874 3365 nempe
882 3303 1099 3365 interponerebrevs

226 3361 321 3409 verbum
329 3361 388 3410 inter
397 3364 443 3410 duo
452 3363 590 3410 substantiva
599 3369 638 3410 aut
647 3365 723 3411 verba.

256 3439 425 3501 unumne]
457 3441 493 3488 Sic
507 3455 582 3488 omnes
597 3456 638 3488 scr.
653 3448 678 3488 et
696 3442 748 3488 edd.
779 3440 876 3488 Videtur
885 3440 965 3488 Cicero
977 3438 1096 3494 addidisse,

226 3497 369 3546 munitiora
378 3505 452 3547 meent
468 3500 579 3547 membra:
595 3501 623 3548 s‘n
639 3501 730 3549 &snm
744 3526 755 3536 ·
768 3501 855 3547 drusun
870 3516 950 3560 agras.-
964 3500 1025 3557 cuitu
1039 3497 1097 3544 simi·

225 3554 327 3604 lihidinis
336 3557 507 3608 studiosissimus
517 3564 558 3606 est.

257 3633 270 3666 ⁸
283 3648 348 3682 mans
357 3635 487 3696 descendit]
519 3637 549 3685 M
551 3652 591 3685 ore
600 3637 705 3685 Romano
713 3637 817 3697 loquitur.
828 3653 850 3686 v.
862 3637 927 3684 clav.
939 3637 961 3682 in
971 3635 994 3680 h.
1004 3648 1027 3680 v.

254 3718 277 3754 Ἀ
289 3715 424 3770 maudo,
433 3717 499 3762 nuru
508 3717 621 3778 sementa]
652 3716 765 3764 Vsitntiua
779 3722 813 3767 cst
829 3732 884 3764 mua
901 3729 966 3762 mors.
999 3713 1031 3761 ut
1045 3723 1098 3772 sutt-

223 3770 752 3839 manupaaininlibramuemm.id
766 3773 1036 3834 smalstertin
1117 3812 1124 3840 r
