2700 4675
272 526 337 588 230
604 515 640 570 m
654 515 798 570 VERREM

216 683 259 743 36
312 670 348 727 O.
362 667 512 733 Malleolo,
522 673 671 744 quaestore
682 668 738 725 Cn.
751 665 936 731 Dolabellae,
950 663 1066 733 occiso,
1080 667 1151 725 duas

270 769 327 825 sihi
342 769 518 824 hereditates
535 767 649 824 venisse
663 766 814 823 arbitratus
828 770 891 821 est:
912 780 1003 820 unam
1018 772 1151 839 quaesto

270 868 331 924 riae
356 866 586 940 procurationis3
616 864 714 922 ⁸⁰nam
737 882 755 921 a
780 865 936 920 Dolabella
958 864 1063 920 statim
1086 883 1148 938 pro·

269 971 420 1039 quaestore
428 966 524 1038 Jussus
539 970 679 1021 estesse:
700 966 821 1020 alteram
834 963 962 1030 tutelae;
985 979 1063 1029 nam,
1077 980 1144 1019 cnm

269 1063 372 1137 pupilli
395 1063 528 1119 Malleoli
553 1067 628 1118 tutor
652 1069 737 1128 essct,
763 1061 794 1117 in
819 1062 895 1116 bona
918 1058 981 1131 ejus
1005 1059 1145 1133 impetum

268 1163 345 1220 lecit.
360 1180 428 1219 nam
442 1163 596 1218 Malleolus
610 1162 640 1217 in
655 1160 837 1232 provinciam
856 1158 874 1189 ⁸¹
887 1160 930 1215 sic
950 1159 1069 1233 copiose
1083 1176 1143 1232 pro·

267 1261 359 1318 lectus
373 1266 443 1328 erat,
457 1266 489 1317 ut
507 1260 585 1316 domi
606 1276 717 1332 prorsus
732 1257 805 1314 nihil
823 1257 1006 1332 relinqueret
1030 1262 1140 1330 praete·

269 1377 318 1417 rea
331 1359 470 1434 pecunias
484 1366 639 1431 occuparat
652 1359 728 1430 apud
738 1357 867 1429 populos,
878 1362 910 1412 et
960 1355 1137 1428 syngraphas

268 1459 392 1515 lecerat:
414 1458 527 1531 argenti
546 1456 648 1530 optimi
667 1455 774 1514 caelati
795 1456 903 1528 grande
917 1455 1025 1527 pondus
1038 1469 1140 1509 secum

267 1553 290 1589 ⁸³
300 1559 421 1611 tulerat:
443 1553 524 1630 (nam
545 1555 595 1610 ille
610 1572 720 1627 quoque
741 1554 848 1610 sodalis
864 1552 947 1609 istius
961 1556 1024 1609 erat
1036 1551 1067 1608 in
1081 1551 1139 1607 hoc

268 1653 367 1707 morbo
375 1658 405 1707 et
416 1652 576 1724 cupiditate
586 1648 606 1727 :)
617 1653 726 1723 grande
740 1653 852 1723 pondus
866 1651 988 1724 argenti,
1000 1649 1141 1706 familiam

268 1766 411 1822 magnam,
437 1750 541 1804 multos
565 1748 700 1814 artifices,
716 1752 820 1806 multos
845 1750 981 1806 formosos
1007 1749 1139 1806 homines

266 1847 431 1921 reliquerat.
473 1847 542 1913 lste,
556 1847 632 1920 quod
652 1847 766 1920 argenti
787 1847 904 1921 placuit,
917 1847 1046 1904 invasit:
1067 1864 1139 1922 quae

268 1946 414 2020 mancipia
428 1945 531 2012 voluit,
546 1945 682 2001 abduxit:
705 1945 784 2013 vina,
797 1951 959 2020 ceteroque,
978 1944 999 1977 ⁸⁴
1009 1964 1083 2021 quae
1106 1945 1137 2004 in

270 2045 345 2102 Asia
357 2045 495 2102 facillime
520 2046 730 2117 comparantur,
744 2062 816 2118 quae
838 2044 889 2101 ille
913 2045 1078 2120 reliquerat,
1097 2062 1139 2101 as·

268 2143 410 2214 portavit:
437 2143 545 2215 reliqua
570 2141 711 2208 vendidit,
735 2142 888 2215 pecuniam
911 2143 1022 2217 exegit.
1065 2143 1137 2201 Cum

266 2256 333 2295 cum
349 2241 385 2295 ad
408 2241 469 2294 H·S
492 2239 584 2295 vicies
598 2239 749 2313 quinquies
763 2241 908 2315 redegisse
920 2246 1086 2298 constaret:
1105 2244 1136 2298 ut

267 2337 390 2395 Romam
406 2337 499 2404 rediit,
514 2340 622 2394 nullam
643 2337 769 2397 litteram
788 2341 906 2414 pupillo,
920 2343 1033 2398 nullam
1052 2339 1134 2398 matri

266 2436 336 2510 ejus,
350 2438 459 2494 nullam
470 2435 609 2493 tutoribus
623 2436 762 2494 reddidit:
784 2456 883 2495 servos
897 2439 1024 2496 artifices
1035 2436 1134 2513 pupilli

266 2553 332 2594 cum
353 2538 472 2593 haberet
485 2536 573 2602 domi,
587 2536 696 2592 circum
718 2538 804 2607 pedes
825 2543 922 2593 autem
937 2538 1070 2596 homines
1084 2538 1134 2594 lor-

178 2684 181 2688 „
266 2652 361 2690 mosos
385 2639 415 2688 et
439 2635 600 2702 litteratos;
632 2651 697 2690 suos
724 2651 788 2690 esse
812 2635 938 2704 dicebat,
964 2655 997 2693 sc
1022 2637 1134 2695 emisse.

295 2785 317 2816 ⁸⁰
330 2799 383 2830 aum
392 2801 406 2830 o
416 2785 552 2845 Dolabella]
583 2786 628 2833 Hic
639 2788 717 2857 paucis
732 2787 830 2834 versibus
845 2793 925 2848 quater
938 2804 993 2836 uam
1008 2796 1133 2853 usurpabat.
1183 2830 1190 2847 ,

265 2858 305 2904 per
315 2844 476 2902 negligentiam,
488 2845 606 2891 habentem
616 2847 700 2906 ahquid
716 2847 841 2893 offensionis
859 2849 918 2908 apud
934 2864 999 2897 aures
1016 2852 1134 2910 elegantes,

266 2904 303 2948 sed
315 2903 444 2949 defensionis
458 2903 523 2949 etiam
534 2903 617 2964 aliquid
634 2919 647 2949 e
661 2905 807 2963 necessitate5
823 2905 859 2950 vis
874 2907 933 2952 eninr
949 2908 1018 2954 aliter
1032 2909 1078 2956 siue
1092 2924 1137 2955 am·

268 2960 360 3018 bagibus
369 2967 409 3008 aut
417 2964 464 3008 sine
471 2968 520 3009 arte
529 2963 559 3008 ab
568 2964 711 3023 simplicitate
722 2965 782 3020 huJ‘us
793 2964 835 3009 loci
845 2964 919 3010 aliena
928 2967 997 3012 aliter
1004 2968 1104 3015 dixisset

284 3040 312 3106 ‘⁸¹
327 3041 358 3082 sic
369 3041 469 3094 copiose-
486 3042 552 3100 -at.]
587 3042 675 3097 Cepione
685 3041 739 3087 mihi
749 3043 777 3086 de
786 3043 858 3099 glossa
868 3057 903 3087 sus
920 3049 993 3090 ectum
1003 3052 1045 3092 est.
1077 3048 1135 3094 Nam

263 3095 343 3141 Cicero
352 3097 390 3148 sic,
401 3097 440 3150 itu,
451 3097 474 3141 in
483 3098 524 3142 tali
535 3112 559 3141 rc
569 3101 628 3142 nude
637 3100 712 3158 ponit:
729 3100 751 3145 in
761 3114 831 3159 eoque
847 3105 882 3145 est
891 3059 1013 3159 eiegantia
1031 3121 1053 3153 v.
1070 3106 1132 3153 Clas.

292 3173 314 3202 ⁸²
328 3173 569 3240 syngraphasfecerqt.]
601 3176 686 3221 Sudant
698 3179 732 3222 hic
741 3179 895 3224 Hotomanuus
904 3187 927 3224 et
935 3181 1056 3230 Graevius.
1081 3185 1135 3242 Syn-

261 3229 357 3285 graplme
366 3236 477 3288 pertinent
487 3233 517 3275 ad
527 3230 603 3275 literas
612 3247 626 3276 a
641 3236 731 3293 privatis
745 3243 845 3296 acceptas
865 3252 907 3297 pro
923 3241 1023 3298 pecuniis
1033 3244 1133 3289 eraditis:

262 3292 315 3332 ante
330 3287 358 3331 de
372 3287 477 3346 pecuniis,
489 3303 542 3348 quas
557 3290 684 3338 crediderat
701 3293 794 3355 populis,
810 3294 824 3340 i.
837 3309 857 3340 e.
875 3295 1012 3356 civitatibus,
1023 3302 1048 3347 in
1058 3303 1134 3364 quibua

262 3346 403 3406 syngraphae
412 3360 456 3391 non
466 3349 526 3393 fiunt.

290 3425 312 3455 ⁸3
322 3425 402 3470 tulerat
416 3451 425 3458 -
439 3450 449 3458 -
458 3427 571 3494 admit]
602 3428 745 3497 Scribendum
755 3435 788 3476 est
797 3433 924 3492 reliquerat.
941 3438 1100 3498 compendium
1113 3439 1134 3486 in

259 3486 357 3529 extrema
369 3487 432 3543 parte
442 3489 497 3529 vitro
508 3485 579 3530 locum
589 3487 646 3532 lent.

289 3563 310 3631 ὅ]
325 3579 379 3621 patae
393 3589 402 3596 -
416 3594 422 3599 -
440 3569 602 3619 crimparmdur.
612 3581 666 3624 qaue
676 3566 714 3612 ille
723 3568 861 3630 reliquerat]
893 3571 1006 3619 Duritiem
1017 3575 1082 3633 hujus
1091 3576 1135 3622 loci

259 3621 325 3666 lacrle
346 3622 421 3682 ulsque
431 3623 518 3667 sentiat.
541 3624 625 3668 L'ltima
634 3633 688 3684 puto
696 3641 743 3672 esso
752 3642 766 3671 a
775 3628 904 3684 glossatore.
925 3631 957 3676 Et
965 3631 1014 3688 jam
1026 3633 1060 3680 bis
1070 3640 1135 3681 antea

259 3683 293 3723 est
302 3696 341 3724 ver
357 3697 394 3727 um
403 3681 533 3739 relinquere.
541 3683 654 3736 facillime
664 3699 707 3730 non
717 3686 746 3730 ad
761 3686 827 3745 pretii
842 3688 1006 3747 salubritatem,
1018 3698 1080 3739 certe
1090 3708 1134 3739 non

258 3738 336 3795 solam,
347 3742 385 3786 sed
396 3742 424 3786 ad
433 3740 519 3800 copiam
535 3755 610 3786 eurum
625 3756 699 3790 rerum
714 3745 794 3791 refero
826 3746 904 3798 Quot.
915 3751 937 3796 3.
949 3754 984 3797 eat
992 3750 1134 3812 simpliciter,

258 3808 313 3850 qaue
321 3799 348 3844 in
355 3799 431 3848 Gallia
441 3803 602 3858 comparantur.
