2700 4675
554 594 780 649 conscensis.
1046 603 1106 664 109

230 730 334 805 contra
367 742 497 803 omnium
523 745 665 813 instituta,
699 745 837 813 addictio,
863 748 895 802 et
920 746 1106 804 condonatio

234 844 254 900 J
256 860 304 901 am
317 860 389 900 vero
401 842 533 900 omnium
551 842 690 901 vitiomm
703 859 819 901 suonnu
836 842 960 915 plurima
973 847 1003 900 et
1017 844 1107 901 maxi·

234 958 283 998 ma
306 940 460 999 constituit
486 945 676 998 monumenta
704 946 733 998 et
759 940 869 998 indicia
895 940 927 998 in
955 941 1108 1016 provincia

236 1038 361 1110 Sicilia3
383 1056 469 1114 quam
483 1038 539 1096 iste
558 1056 611 1113 per
622 1039 779 1097 triennium
796 1039 838 1096 ita
853 1040 976 1097 vexavit
988 1058 1025 1098 ao
1045 1058 1107 1114 per·

234 1134 322 1205 didit,
342 1141 375 1194 ut
394 1154 430 1195 ea
444 1136 555 1195 restitui
575 1136 606 1195 in
627 1137 776 1213 antiquum
798 1142 905 1196 statum
919 1141 1000 1197 nullo
1018 1141 1106 1197 modo

235 1234 342 1308 possit:
366 1235 419 1293 vix
439 1240 535 1293 autem
555 1238 730 1309 permultos
751 1226 852 1304 anuos,
875 1237 1104 1313 innocentesque

234 1340 377 1408 praetores
402 1321 500 1411 aliqua
523 1342 666 1411 exparte
694 1337 819 1394 recreari
842 1338 996 1411 aliquando
1019 1355 1104 1410 posse

232 1433 374 1491 videatur.
426 1435 493 1493 Hoc
519 1439 652 1508 praetore
682 1434 777 1492 Siculi
803 1443 897 1509 neque
921 1451 987 1490 snas
1014 1438 1103 1509 leges,

232 1548 325 1607 neque
344 1536 443 1591 nostra
461 1534 723 1600 senatusconsulta,
743 1550 840 1609 neque
853 1520 1019 1591 communia
1035 1533 1104 1605 jnra

232 1632 395 1688 tenuerunt.
406 1635 520 1689 tantum
540 1630 659 1706 quisque
678 1632 767 1688 habet
784 1630 815 1689 in
832 1631 944 1699 Sicilia,
963 1638 1102 1707 quantum

230 1728 356 1786 bominis
376 1729 539 1788 avarissimi
561 1733 592 1786 et
614 1729 846 1788 libidinosissimi
865 1735 916 1789 aut
939 1731 1101 1804 impruden·

230 1827 302 1885 tiam
326 1830 504 1903 subterfugit,
526 1834 575 1887 aut
598 1829 728 1886 satietati
748 1829 898 1902 superfuit.
939 1831 1030 1887 Nulla
1053 1824 1132 1887 res5'

231 1941 284 1998 per
310 1925 476 1993 trienninm,
502 1925 560 1982 nisi
580 1927 618 1982 ad
640 1930 743 1983 nutum
766 1925 859 1992 istius,
879 1927 1012 1998 judicata
1036 1934 1099 1984 est:

232 2024 313 2081 nulla
325 2040 371 2080 res
384 2027 444 2081 tam
457 2022 551 2095 patria
570 2023 738 2096 cujusquam
751 2027 837 2096 atque
857 2023 938 2080 avita
950 2023 1014 2091 luit,
1027 2041 1100 2099 quae

231 2138 291 2179 non
306 2122 343 2179 ab
356 2122 401 2189 eo,
423 2119 545 2195 imperio
559 2119 650 2189 istius,
671 2120 891 2194 abjudicaretur.
933 2122 1099 2181 Innumera-

229 2220 303 2278 biles
327 2219 469 2295 pecuniae
493 2237 532 2277 ex
554 2224 697 2277 aratorum
724 2221 808 2277 bonis
828 2238 908 2278 novo
931 2222 1097 2298 nefarioque

227 2317 360 2390 instituto
373 2322 509 2377 coactae:
530 2318 603 2377 socii
617 2319 776 2378 fidelissimi
793 2319 824 2378 in
838 2319 963 2379 bostium
979 2340 1097 2380 numero

231 2416 405 2476 existimatis
420 2418 502 2476 cives
514 2418 640 2475 Romani
653 2418 789 2476 servilem
803 2419 836 2476 iu
846 2422 963 2477 modum
975 2421 1097 2477 cmciali

227 2517 376 2575 etuecati:
389 2516 522 2574 homiues
533 2515 735 2572 nocentissimi
747 2520 863 2589 propter
875 2517 1096 2589 pecnniasjudi·

227 2613 278 2672 cio
290 2613 420 2672 liberati:
445 2612 643 2672 honestissimi
655 2616 741 2686 atque
761 2612 948 2687 integerrimi,
962 2616 1096 2672 absentes

228 2712 271 2770 rei
284 2710 364 2779 lacti,
384 2709 495 2768 indicta
509 2727 597 2768 cansa
615 2711 745 2768 damnali
757 2715 788 2768 et
800 2711 905 2784 ejecti:
925 2717 1022 2784 portus
1035 2730 1097 2770 mu·

225 2796 372 2876 uitissimi,
394 2809 540 2867 maximae
559 2808 778 2884 tutissimaeque
796 2811 881 2866 urbes
902 2809 1002 2882 piratis
1015 2829 1094 2883 prae·

226 2908 403 2983 donibusque
417 2907 598 2983 patefactae:
619 2911 725 2965 nautae
739 2907 902 2981 militesque
923 2908 1094 2975 Siculorum,
1131 2972 1143 2983 „

226 3007 299 3065 socii
311 3006 401 3065 nostri
413 3011 500 3082 atque
514 3005 612 3074 amici,
625 3006 704 3063 lame
715 3005 830 3063 necatis
845 3007 953 3062 classes
967 3005 1093 3078 optimae

223 3110 308 3180 atque
330 3105 588 3179 opportunissimae
607 3120 675 3164 oum
700 3119 805 3178 magua
818 3103 978 3178 ignominia
992 3105 1091 3180 populi

226 3203 352 3260 Romani
371 3203 493 3261 amissae
508 3208 538 3261 et
556 3204 695 3277 perditae.
737 3203 820 3259 ldem
833 3203 889 3259 iste
908 3207 1021 3277 praetor
1033 3222 1092 3262 mo-

224 3304 364 3358 numenta
385 3300 583 3374 antiquissima
604 3300 709 3374 partim
731 3317 830 3374 regum
854 3302 1091 3376 locupletissimo·

223 3414 296 3464 rum,
317 3413 390 3470 quae
410 3396 455 3454 illi
477 3394 678 3476 ”ornamento
701 3397 817 3454 urbibus
840 3416 904 3455 esse
927 3402 1091 3466 voluerunt,

222 3495 330 3571 partim
351 3494 439 3551 etiam
459 3499 621 3552 nostrorum
639 3494 853 3567 imperatomm,
877 3514 951 3570 quae
965 3498 1091 3554 victores

220 3592 393 3654 civitatibus
427 3591 534 3650 Siculis
567 3598 617 3670 ant
647 3592 789 3652 dedemnt
818 3599 867 3651 aut
897 3595 1091 3656 reddiderunt,

247 3716 270 3782 l³
283 3750 411 3794 ornamento
423 3761 466 3793 esse
475 3760 500 3792 u.
516 3746 549 3809 a]
579 3745 626 3795 Ms.
637 3744 717 3794 brasc
728 3752 863 3796 onumen.
875 3762 920 3794 nou
930 3744 996 3800 ursle,
1007 3756 1058 3788 uam
1068 3745 1092 3788 et

220 3812 273 3854 uiox
281 3810 411 3853 masaa
417 3805 515 3864 mattea.

259 3905 331 3946 von.
354 3906 396 3945 ιν.
637 3890 673 3944 ll
