2700 4675
273 486 337 547 aas
615 478 810 552 fflvfflffl

273 632 304 686 te
324 627 451 687 maxime
465 628 680 687 necessitudine
702 628 799 702 aliqua
818 624 993 701 attingebat,
1007 626 1052 686 ita
1071 644 1148 686 max·

273 727 332 786 ime
347 744 448 786 manus
470 734 519 785 tua
544 729 710 801 putabatur:
734 727 837 783 cohors
859 730 922 782 tota
934 724 991 783 illa
1004 732 1065 795 tua,
1078 744 1148 802 quae

273 828 337 900 plus
351 826 421 883 mali
436 826 558 884 Siciliae
572 826 661 892 dedit,
679 821 797 900 ”quam
817 823 843 881 si
866 828 989 881 centum
1014 826 1147 883 cohortes

272 923 460 998 fugitivorum
473 924 603 993 fuissent,
618 928 667 981 tua
681 939 783 981 manus
796 922 860 979 sine
874 922 1151 990 controversiafuit·

272 1022 409 1096 quidquid
423 1024 460 1079 ab
480 1023 581 1079 horum
591 1022 727 1096 quopiam
740 1025 858 1093 captum
871 1025 926 1088 est,
940 1020 971 1078 id
986 1038 1045 1079 non
1062 1022 1146 1079 modo

273 1120 327 1178 tibi
340 1121 449 1186 datum,
462 1120 514 1177 sed
527 1123 577 1176 tua
590 1136 677 1176 manu
693 1126 874 1176 numeratum
881 1119 1010 1192 judicari
1024 1137 1143 1177 necesse

274 1224 327 1276 est.
368 1220 455 1288 Nam,
466 1219 491 1275 si
504 1219 581 1276 hanc
595 1217 796 1275 defensionem
809 1217 978 1291 probabitis,
988 1217 1057 1275 Non
1071 1234 1144 1275 acce·

270 1316 315 1397 pit
327 1314 401 1395 ipsc:
420 1319 502 1386 licet,
515 1318 613 1376 omnia
637 1319 674 1375 de
697 1316 831 1390 pecuniis
846 1317 1009 1391 repetundis
1025 1315 1143 1389 judicis

275 1413 394 1475 tollatis.
414 1415 436 1450 ²²
446 1436 533 1475 nemo
545 1434 679 1492 umquam
693 1421 753 1473 tam
764 1432 839 1483 reus,
853 1421 914 1473 tam
926 1432 1036 1473 nocens
1056 1414 1144 1472 addu-

274 1521 366 1582 cetur,
380 1517 429 1591 qui
449 1517 505 1573 ista
518 1516 687 1574 defensione
702 1532 760 1571 non
775 1514 866 1587 possit
879 1513 930 1571 uti.
946 1512 1057 1571 etenim
1077 1530 1144 1571 cum

274 1612 384 1668 Verres
408 1618 518 1683 utatur;
538 1616 602 1687 quis
626 1614 681 1674 erit
703 1631 838 1687 umquam
855 1612 975 1685 posthac
996 1628 1064 1669 reus
1084 1616 1142 1668 mm

274 1711 412 1784 perditus,
426 1710 474 1784 qui
489 1728 547 1767 non
562 1713 598 1768 ad
614 1712 651 1782 Q.
667 1710 761 1768 Mucii
775 1710 975 1769 innocentiam
997 1711 1142 1777 referabrr,

275 1807 301 1865 si
322 1824 388 1865 cum
409 1808 465 1865 isto
486 1807 672 1867 conferatur?
692 1810 797 1884 Neque
817 1826 894 1869 nunc
916 1814 977 1867 tam
1001 1809 1076 1867 mihi
1096 1805 1143 1865 isti

275 1907 400 1965 Verrem
413 1907 568 1966 defendere
583 1909 726 1977 videntur,
739 1927 825 1984 quam
839 1910 870 1967 in
885 1909 979 1967 Verre
999 1889 1144 1965 'defensio-

276 2007 322 2065 nis
350 2012 461 2065 tentare
489 2008 640 2065 rationem.
693 2009 759 2080 Qua
785 2009 822 2065 de
849 2026 891 2077 re,
912 2007 1040 2082 judices,
1062 2004 1143 2064 vobis

191 2172 193 2175 y
276 2122 451 2179 magnopere
471 2109 682 2178 providendum
709 2112 763 2165 est
784 2108 911 2182 pertinet
932 2110 989 2167 boc
1010 2110 1048 2165 ad
1072 2124 1144 2166 sum·

274 2219 351 2259 mam
371 2202 558 2275 reipublicae,
572 2206 651 2262 etad
672 2206 918 2264 existimationem
940 2207 1059 2275 ordinis,
1071 2207 1140 2263 salu·

275 2304 389 2376 temque
403 2301 554 2361 sociorum.
598 2302 632 2362 Si
644 2305 723 2363 enim
737 2307 909 2364 innocentes
918 2306 1080 2366 existimari
1093 2322 1140 2362 vc·

275 2402 377 2470 tumus,
402 2419 460 2460 non
474 2404 566 2458 solum
591 2421 644 2459 nos
657 2404 846 2472 abstinentes,
860 2407 912 2462 sed
927 2405 1019 2464 etiam
1031 2412 1138 2464 nostros

224 2503 261 2562 ll
275 2502 396 2559 comites
410 2506 554 2574 praestare
569 2504 715 2559 debemus.
757 2503 886 2561 Primum
896 2504 1028 2561 omnium
1047 2502 1139 2576 ²‘ope

274 2615 305 2655 ra
318 2601 414 2661 danda
428 2604 481 2666 est,
496 2607 527 2656 ut
547 2618 596 2657 ecs
621 2600 769 2658 nobiscum
791 2603 941 2670 ducamus,
955 2602 1006 2676 qui
1029 2607 1137 2659 nostrae

273 2695 367 2752 famae
381 2696 527 2771 capitique
548 2702 718 2756 consulant:
740 2699 856 2767 deinde,
869 2700 896 2756 si
923 2699 955 2757 in
978 2699 1136 2758 bominibus

272 2793 415 2870 eligendis
435 2813 488 2854 nos
502 2815 568 2872 spes
581 2796 730 2856 amicitiae
744 2798 888 2867 fefellerit,
903 2805 935 2855 ut
950 2798 1136 2863 vindicemus,

272 2959 323 3006 edd.
335 2974 368 3029 pr.
385 2958 453 3005 verbs
462 2958 541 3021 prima,
551 2963 575 3004 et
584 2957 704 3016 evestigiis
712 2959 819 3006 librorum
828 2959 1008 3064 lquodumesse,
1018 2964 1046 3008 ut
1053 2958 1136 3031 patiam

272 3021 397 3063 mmummc
406 3019 536 3076 ueneficum
546 3017 681 3074 attingebat:
695 3031 747 3064 nam
756 3021 781 3063 et
794 3020 855 3078 Aqur
891 3023 981 3066 tantum
990 3021 1136 3078 aimuh

265 3073 426 3128 sanctissimis
436 3075 541 3132 attigerat
559 3076 639 3121 babet:
656 3075 713 3122 etin
722 3076 771 3122 istis
786 3076 918 3133 bominibus,
929 3076 968 3146 qui
983 3082 1135 3130 memorantur,

271 3128 333 3174 nulla
348 3131 451 3184 cognatio
463 3137 502 3177 aut
511 3132 603 3178 affinitas
611 3133 707 3192 intelligi
716 3138 803 3195 potest:
819 3142 844 3180 at
852 3137 1001 3193 necesmmdo,
1012 3150 1069 3198 qnae
1082 3135 1137 3181 inse

271 3184 401 3252 Prpetorem
419 3192 442 3232 et
457 3188 575 3245 ministros,
585 3192 684 3249 comites,
699 3198 755 3240 erat.
786 3193 886 3239 dissime
902 3194 979 3241 omitti
997 3210 1043 3242 non
1059 3195 1134 3255 potul,

271 3255 324 3303 quia
330 3245 450 3302 respondet
459 3247 606 3306 sequentibus,
615 3248 647 3294 itu
656 3252 759 3299 maim.

291 3320 698 3394 ,²,⁰,uwm,³2jcotuu,wbrmf·f·]
729 3329 1096 3392 Htealiquiddeessevidetm,ut
1110 3326 1134 3374 s

269 3377 356 3437 statu,
364 3384 390 3427 ut
398 3381 439 3438 sis,
446 3387 485 3429 sut
492 3384 564 3430 srmrle
571 3384 631 3445 quid.

300 3458 325 3492 ²⁷
338 3474 362 3506 rs.
374 3474 473 3530 coptum
482 3465 591 3519 tumreus,
607 3468 652 3510 tum
660 3467 757 3528 nocem]
789 3468 824 3514 lia
833 3468 885 3515 edd.
901 3471 958 3515 vett
970 3471 996 3514 et
1005 3468 1064 3518 Mas
1074 3464 1134 3530 plesi-

270 3530 320 3579 que.
353 3519 635 3591 i'nmrrm·tum·enppnxere
644 3523 725 3571 Lamb.
732 3530 757 3571 et
766 3526 849 3574 Graes.
880 3527 932 3586 Ego
947 3527 1044 3575 servavi.
1053 3532 1098 3574 foss
1104 3537 1133 3572 rs·

270 3590 299 3624 us
307 3581 343 3634 est,
354 3581 386 3624 rte
395 3577 469 3624 mdes
478 3579 602 3627 cnmsnrbus
621 3595 678 3639 reus,
689 3588 715 3630 ut
723 3583 804 3632 Cicero
812 3585 868 3633 dixit
882 3586 906 3632 in
915 3588 959 3633 bne
972 3586 1022 3648 ipsa
1031 3585 1131 3633 meme

287 3655 322 3725 ,3⁰
335 3671 399 3713 opem
407 3660 467 3703 matu
476 3657 550 3703 danda
558 3659 605 3719 cst]
638 3661 768 3710 Delevimus
775 3678 825 3710 cum
835 3663 936 3712 Graevio
945 3668 1026 3713 muts.-
1040 3663 1098 3726 quod
1104 3659 1134 3709 ιί·

270 3712 311 3769 hllu
318 3720 352 3765 est
360 3716 482 3778 evidenter,
492 3729 533 3763 uec
542 3717 611 3766 babet
620 3719 681 3779 quod
691 3720 713 3770 ei
722 3722 854 3784 respondeat
864 3723 888 3771 in
897 3737 958 3787 seqq.
