2700 4675
463 559 536 612 son.
554 562 843 616 urrannraruna.
1036 573 1095 634 m

222 712 427 783 prosterneret,
438 713 480 778 ut,
491 713 593 780 morbo
613 712 759 780 simulato,
778 731 848 781 non,
861 712 932 788 quid
944 715 1096 787 responde·

224 813 278 874 ret,
291 808 353 874 sed,
366 808 608 881 quemadmodum
620 829 681 869 non
699 813 896 883 responderet,
905 810 1095 870 deliberaret:

225 904 334 968 deinde
345 904 465 979 reliquis
477 907 590 974 diebus,
602 908 649 965 his
662 908 842 977 criminibus,
865 909 910 968 iris
925 910 1055 978 testibus,
1067 916 1099 970 et

226 1004 355 1071 urbanis,
375 1009 407 1062 et
420 1004 649 1077 provinoiulibua
662 1007 706 1064 sio
720 1009 836 1066 obmtm
849 1012 935 1082 atqua
948 1026 1099 1082 oppressu

222 1108 284 1169 est,
297 1107 331 1159 ut
351 1102 549 1162 his-ludorum
570 1104 670 1163 diebus
693 1105 881 1179 interpositis,
907 1124 995 1166 nemo
1012 1107 1100 1168 'utum

229 1202 526 1273 comperendinatum,
534 1204 586 1262 sed
599 1205 988 1278 eoadsmnatumjudiosret.
1023 1208 1129 1280 Quen

227 1303 343 1372 propter
365 1318 429 1374 ego,
452 1302 527 1375 quod
546 1304 585 1360 ad
595 1320 653 1371 me,
665 1303 783 1371 attinet,
790 1304 916 1377 Judiees
930 1304 1011 1365 nini:
1039 1324 1099 1364 non

227 1396 307 1455 enim
331 1398 423 1471 spolia
448 1400 485 1457 C.
509 1400 622 1467 Verris,
648 1402 702 1458 sed
728 1401 978 1460 existimationem
1002 1402 1101 1476 populi

227 1493 354 1556 Romani
375 1498 543 1570 eoncupivi.
583 1496 604 1532 ¹⁷
617 1498 720 1556 Meum
744 1499 800 1557 luit
819 1517 886 1557 oum
906 1517 994 1558 eausa
1016 1518 1101 1559 scoe-

225 1596 295 1654 dere
308 1598 350 1653 ud
359 1598 565 1655 aoousandum.
587 1615 661 1672 quae
674 1616 763 1656 eausa
785 1599 840 1656 tuit
854 1599 970 1672 justior,
983 1618 1069 1675 quam
1081 1618 1101 1659 a

219 1699 287 1754 ‚tam
307 1695 412 1754 illustri
426 1696 579 1769 provintia
598 1697 780 1755 defensorem
792 1698 932 1760 constitui
945 1703 976 1756 et
985 1696 1100 1773 deligi?

226 1794 405 1868 reipublicae
418 1799 580 1855 oonsulere.
594 1797 661 1871 quid
671 1797 736 1869 jam
749 1798 928 1870 reipublicae
941 1798 1100 1866 honestius,

227 1911 314 1967 quam
327 1893 359 1952 in
372 1899 454 1952 tanta
466 1894 582 1952 invidia
595 1894 773 1966 judiciorum
786 1897 930 1953 adducere
943 1897 1102 1964 hominem,

225 1993 311 2064 eujus
331 1992 519 2048 damnatione
540 1996 616 2048 totus
636 1992 708 2048 ordo
720 2009 788 2050 oum
806 1994 912 2065 populo
926 1993 1059 2050 Romano
1072 1998 1103 2051 et

226 2090 262 2147 in
274 2090 360 2145 laude
373 2094 404 2146 et
418 2081 556 2163 ingratia
568 2087 753 2163 possitesse‘l
773 2092 927 2148 ostendere
940 2109 976 2148 ao
989 2109 1103 2164 persua·

226 2188 306 2254 dere,
320 2187 468 2246 hominem
481 2193 636 2246 nocentem
656 2189 812 2248 adduotum
831 2208 913 2247 esse:
935 2188 997 2264 quis
1011 2190 1101 2249 estin

225 2290 333 2364 populo
348 2288 491 2358 Romano,
509 2288 558 2364 qui
572 2289 628 2347 hoo
641 2304 702 2347 non
714 2307 753 2346 ex
768 2289 862 2363 priore
876 2288 993 2347 notione
1007 2292 1102 2348 abstu-

223 2388 301 2456 -ierit,
309 2389 440 2446 omnium
452 2393 521 2446 ante
528 2389 730 2446 damnatorum
742 2388 965 2455 soelera‚.l'urta,
979 2389 1103 2462 tingitis.

227 2488 255 2546 si
269 2488 402 2545 inunum
427 2489 524 2544 locum
547 2487 743 2553 oonierantun
757 2486 810 2542 vix
834 2503 903 2543 oum
914 2486 999 2558 hujus
1014 2503 1104 2557 parva

228 2591 312 2660 parte
321 2585 438 2657 aequari
448 2581 745 2657 conferrique'possei
759 2583 833 2649 Vos,
847 2584 969 2656 quodud
978 2589 1105 2642 vestrum

227 2683 345 2748 tamam
361 2681 618 2749 existimationem,
638 2683 817 2754 salutemque
840 2698 1024 2748 oommunem
1043 2701 1104 2756 per·

229 2781 315 2849 tinet,
332 2780 461 2853 judiees,
485 2779 639 2853 prospicite
659 2780 911 2852 atqueeonsulite.
960 2782 1105 2854 Splendor

228 2886 330 2938 vester
342 2880 422 2947 iacit,
436 2884 468 2936 ut
481 2896 604 2952 peoenre
617 2877 682 2934 sine
703 2895 815 2934 summo
828 2877 1005 2950 reipmblieae
1018 2878 1104 2937 detri-

227 2985 330 3037 mento
355 2997 391 3036 ao
404 2977 547 3052 periculo
560 2994 620 3034 non
644 2975 771 3050 possitis.
813 2977 885 3033 Non
903 2976 985 3033 enim
1010 2982 1106 3050 potest

233 3095 350 3150 sperare
378 3079 500 3151 populus
524 3076 683 3143 Romanus,
697 3093 762 3132 esse
786 3074 859 3131 alios
878 3075 910 3132 in
933 3081 1043 3144 senatu,
1056 3075 1107 3151 qui

229 3181 311 3233 reete
322 3177 433 3249 possint
440 3177 583 3248 judicare,
594 3191 648 3233 voa
662 3175 758 3232 sinon
772 3173 931 3247 potueritis.
956 3208 959 3215 ·
973 3175 1104 3233 Necesse

230 3279 285 3339 est,
298 3288 364 3330 oum
379 3276 417 3330 de
435 3280 497 3332 toto
509 3274 610 3332 ordine
624 3273 791 3347 desperarit,
813 3273 892 3330 aliud
910 3292 1001 3347 genus
1015 3275 1105 3332 humi·

231 3387 302 3428 num
315 3374 404 3444 atque
414 3357 503 3427 aliam
520 3371 663 3430 rationem
673 3371 851 3444 judioiosum
864 3373 998 3447 requirat.
1038 3374 1105 3430 Hoe

228 3523 798 3652 τεοῖἷιεξᾝζῖῗᾶῑῇὲῖῗὲἕαῗῖζο·
852 3523 1106 3683 ζωῃῗὲῗῗιῑιιᾞῖ

213 3797 216 3803 .
228 3759 336 3813 membro,
347 3773 370 3803 m
393 3772 407 3804 e
416 3757 568 3827 interrogandi
579 3762 632 3805 uota
641 3757 709 3828 vulgo
718 3758 798 3805 addita
814 3768 863 3828 est..
882 3755 1101 3818 ipsumam

226 3833 251 3865 se
259 3817 384 3880 impedivit.
415 3817 442 3865 ln
452 3816 495 3865 ud.
508 3817 564 3867 alu
574 3818 605 3866 N.
616 3821 677 3865 recte
686 3821 829 3878 interpuncta
837 3821 880 3864 ata
890 3819 948 3864 sumt.
