2700 4675
453 559 517 611 PRO
532 560 561 615 Q.
577 559 694 612 Roscio
706 554 874 612 COMOEDO.
1037 565 1098 634 115

224 705 326 769 reterri
339 706 450 769 debuit.
493 709 626 784 Amplius
639 714 708 770 suut
721 727 774 766 sex
788 724 914 766 mensas.
945 705 1016 765 ¹Gur
1028 711 1099 776 tam·

226 807 280 866 diu
293 806 377 879 jacet
389 806 447 864 boo
461 824 568 864 nomen
582 806 614 866 in
632 802 830 868 adversariis?
852 805 930 878 Quid
943 804 969 861 si
982 806 1103 864 mudena

224 903 351 977 emidius
376 902 534 964 triennium
555 901 623 973 est?
650 904 802 978 quomodo,
828 920 897 962 oum
920 919 1030 970 ornnes,
1052 902 1101 977 qui

229 1004 343 1060 tabulas
353 1002 522 1070 conficiant,
533 1006 694 1061 menstruas
706 1020 798 1075 paene
809 1001 936 1066 rationes
946 1001 977 1059 in
988 1003 1104 1060 tabulas

229 1100 412 1167 transierant,
427 1104 457 1157 tu
472 1101 527 1158 hoo
537 1117 643 1160 nornen
655 1099 812 1159 triennium
821 1100 944 1175 amplius
956 1101 987 1157 in
998 1101 1101 1157 adver·

226 1196 312 1254 sariis
327 1198 429 1278 jacere
449 1196 578 1273 pateris?
598 1199 703 1258 Utrum
723 1204 823 1257 cetera
842 1199 961 1257 nomina
974 1198 1006 1256 in
1019 1198 1099 1256 rodi.

229 1313 296 1354 oeni
316 1294 431 1371 accepti
448 1302 478 1355 et
499 1298 623 1371 expensi
642 1298 757 1372 digesta
780 1298 880 1365 habes,
901 1315 938 1355 an
960 1294 1043 1355 non?
1065 1297 1099 1354 Si

225 1411 303 1454 nou:
323 1396 467 1472 quomodo
490 1398 604 1454 tabutas
628 1392 773 1454 conficis?
803 1394 829 1451 si
852 1395 957 1451 etiam:
986 1411 1100 1468 quamo-

225 1494 317 1565 brem,
329 1513 398 1553 eum
411 1499 510 1553 cetera
523 1494 644 1554 nomina
664 1493 697 1552 iu
719 1494 852 1552 ordinem
873 1480 1024 1560 referebas,
1043 1493 1100 1550 hoe
1160 1490 1162 1492 ’

221 1609 331 1652 nomen
345 1593 474 1653 triennio
488 1594 620 1670 amplius,
631 1594 708 1670 quod
721 1598 784 1650 erat
797 1592 829 1650 in
843 1591 943 1667 onmis
954 1609 1100 1667 magnum,

223 1690 257 1768 in
284 1692 458 1752 adversariis
485 1688 689 1768 relinquebas?
723 1691 854 1754 Nolebas
886 1690 965 1760 seiri,
992 1692 1099 1749 debere

226 1788 375 1856 Roscium.
395 1808 448 1850 our
467 1788 636 1854 soribebas?
665 1791 795 1866 Rogatus
818 1807 891 1859 eras,
910 1808 948 1847 ne
968 1790 1098 1868 referres.

226 1902 281 1944 eur
293 1887 325 1946 in
338 1889 513 1948 adversariis
526 1891 667 1964 seriptum
680 1886 833 1952 habebas?

269 1984 330 2042 Sed
343 1985 419 2042 haee
432 2002 603 2061 quamquem
628 1986 711 2042 firma
719 2003 783 2042 esse
796 1984 895 2055 video,
914 1990 1012 2046 tamon
1036 1984 1100 2059 ipse

222 2080 303 2140 anibi
326 2081 495 2140 satistaeere
514 2099 573 2141 non
587 2098 712 2157 msam,
725 2082 783 2142 nisi
803 2099 822 2140 a
841 2083 876 2141 0.
900 2082 1018 2142 Fannio
1037 2083 1102 2158 ipso

226 2180 428 2249 testimonium
453 2199 543 2250 sumo,
570 2182 646 2240 bano
673 2182 831 2255 pecuniam
857 2181 886 2241 ei
904 2200 964 2254 non
990 2182 1099 2240 deberi.

231 2278 374 2356 Magnum
387 2284 440 2345 est,
454 2281 527 2359 quod
541 2265 646 2355 eonor:
661 2280 780 2342 difficile
793 2287 847 2351 est,
861 2283 936 2358 quod
950 2282 1099 2357 polliceor.
1170 2290 1175 2300 '

228 2378 290 2443 nisi
303 2381 428 2437 eundern
441 2386 471 2438 et
484 2381 681 2443 aduersarium
694 2387 725 2439 et
748 2386 853 2442 testem
864 2382 1010 2443 babuerit
1030 2382 1101 2439 Ros·

228 2477 304 2545 eius,
317 2480 385 2553 noio
398 2479 509 2536 vineat.
541 2479 673 2535 Pecunia
686 2478 741 2535 tibi
750 2480 908 2539 debebatur
918 2483 1007 2543 certa
1028 2494 1132 2558 quae4

232 2591 312 2641 nuno
326 2574 434 2649 petitur
454 2593 505 2648 per
519 2574 669 2649 judioem:
690 2575 722 2639 in
746 2592 802 2649 qua
820 2572 990 2648 ⁸legitimae
1012 2575 1101 2649 partis

230 2671 350 2744 sponsio
377 2671 454 2729 taeta
467 2677 520 2730 est.
562 2672 622 2729 Hie
644 2674 719 2731 tusi
741 2672 864 2747 amplius
890 2674 963 2731 H·S.
984 2690 1101 2732 nummo

230 2768 341 2843 petisti,
354 2787 440 2845 quarn
467 2770 521 2829 tibi
547 2770 677 2829 debiturn
704 2777 758 2841 est,
785 2790 901 2838 oaumrn
930 2773 1099 2847 perdidisti:

227 2872 381 2943 propterea
401 2870 477 2945 quod
498 2869 576 2927 aliud
601 2876 645 2927 est
662 2870 816 2944 judicium,
839 2871 916 2928 atiud
941 2872 1098 2941 arbitrium.

225 2965 376 3027 Judioium
399 2973 444 3026 est
465 2967 609 3044 pecuniae
628 2975 745 3031 certae:
776 2968 939 3029 Arbitrium
960 2969 1098 3031 incertae.

230 3065 282 3125 Aa
306 3065 450 3139 judicium
488 3069 544 3127 hoo
569 3070 657 3127 modo
683 3068 825 3136 venimus,
849 3074 993 3127 attotam
1017 3070 1098 3130 litem

227 3168 279 3220 aut
300 3165 490 3235 obtineamus,
510 3173 561 3226 aut
582 3168 766 3226 amittamus:
787 3169 826 3225 ad
854 3168 1001 3227 arbitrium
1020 3168 1097 3229 ”hoe

226 3292 353 3384 elementi.
383 3318 1024 3384 Samarmptametarpemmvemruessenonpotest.
1055 3324 1097 3370 Est

227 3377 521 3494 grumeffiffllgefflh
535 3394 631 3441 expensa
648 3381 722 3426 modo.
753 3381 805 3436 Sed,
822 3380 906 3441 opinor,
917 3387 989 3428 toturn
999 3382 1098 3442 spurium

500 3443 584 3485 nanim.
616 3438 677 3485 Siout
686 3453 738 3484 mox
752 3438 840 3486 Μαῖα
848 3439 977 3500 simpliciter
986 3440 1097 3496 dicuntur,

227 3491 291 3539 sich.
302 3492 402 3539 teodex.
434 3495 504 3541 stret
514 3499 567 3543 eal.

256 3570 480 3633 ‘logitimuepurtid
496 3573 511 3620 i.
530 3588 551 3620 e.
570 3575 652 3621 tertiae
666 3573 712 3621 vid.
729 3574 779 3625 intr.
800 3590 819 3623 a.
839 3582 861 3624 ⁵.
879 3578 988 3626 MoxH·
998 3578 1021 3624 8.
1039 3577 1098 3622 sorte

226 3629 339 3690 spurium:
354 3629 575 3679 nandibiruroroin
583 3632 625 3679 tali
634 3632 796 3695 mdnrpliriter
804 3635 890 3684 dieitur.

257 3707 322 3753 ⁰toc
337 3707 437 3768 uniam]
463 3707 499 3756 Sis
514 3710 565 3757 edd.
577 3711 606 3761 R.
625 3710 662 3758 Br.
673 3711 731 3758 ven.
744 3711 808 3761 Med.
821 3719 864 3760 ete.
878 3713 937 3760 aliae
953 3711 1022 3765 nudo,
1039 3710 1098 3770 qnod

228 3771 317 3813 secutus
324 3769 362 3836 ¹est
370 3766 481 3813 Graevius
491 3786 497 3813 =
518 3768 570 3838 quia
577 3769 601 3816 in
615 3770 762 3832 praecedente
768 3773 868 3823 membro
877 3776 911 3821 est
920 3771 957 3819 eir.
980 3767 1043 3818 Mihi
1050 3769 1098 3819 utri·

227 3839 264 3872 au
272 3839 342 3886 mapa
350 3823 432 3887 placet,
442 3824 473 3874 ad
482 3828 611 3877 raanan
619 3827 751 3878 oratiooern.
