2700 4675
396 527 468 579 scr.
486 527 629 581 trauan
642 530 820 581 ancunnus.
986 530 1051 597 8⁴8

180 672 258 747 pidia
269 687 319 744 per
331 673 488 734 triennium
501 678 607 736 scitote
619 692 755 753 regnasse
767 698 775 735 t
795 678 828 736 ln
840 675 1053 736 “Timarchidi

182 775 327 845 potestate
352 774 497 831 sociorum
520 777 619 849 populi
643 777 769 834 Romani
792 776 1054 850 antiquissimorum

182 875 270 943 atque
279 871 518 930 amicissimorum
532 876 647 941 liberos,
656 875 896 941 matresfamilias,
906 877 990 941 bona,
1000 874 1053 931 lor-

183 972 326 1042 tunaeque
340 986 441 1026 omnes
455 971 552 1028 luisse.
602 974 631 1029 ls
644 972 740 1046 igitur,
754 979 785 1029 ut
798 972 874 1040 dico,
889 972 1054 1029 Timarchi-

182 1067 237 1124 des
252 1066 285 1123 in
307 1084 409 1125 omnes
432 1069 579 1136 civitates,
593 1078 717 1145 accepto
739 1072 842 1144 pretio,
858 1088 993 1129 censores
1012 1071 1054 1128 di·

184 1164 274 1222 misit
295 1165 424 1234 comitia,
437 1167 496 1224 isto
513 1175 652 1241 praetore,
672 1188 834 1238 censorum,
847 1190 885 1229 ne
897 1168 1054 1228 simulandi

181 1262 300 1337 quidem
311 1280 400 1321 causa
412 1266 536 1324 luerunt.

221 1362 290 1417 Jam
308 1363 364 1420 hoc
383 1364 651 1437 impudentissime:
671 1367 768 1438 palam
781 1364 905 1434 (licebat
917 1365 997 1423 enirn
1010 1365 1054 1422 vi·
1064 1353 1105 1411 5⁵

181 1458 293 1515 delicet
314 1460 439 1538 legibus)
460 1463 581 1535 singulis
603 1464 770 1520 censoribus
794 1464 908 1521 denarii
930 1464 1055 1521 trecenti

171 1557 360 1617 adstatuam
384 1560 523 1631 praetoris
537 1560 672 1634 imperati
695 1568 772 1620 sunt.
813 1565 957 1621 Censores
969 1579 1055 1621 cm

182 1654 254 1712 lacti
267 1661 345 1713 aunt.
367 1658 520 1730 pecuniam
534 1658 615 1716 illam
636 1663 674 1717 ob
694 1678 846 1719 censuram
860 1668 961 1719 eontra
975 1666 1056 1737 leges

182 1754 260 1811 clam
274 1756 430 1825 dederuat;
451 1759 524 1814 haec
537 1757 559 1791 ⁵⁶
568 1758 721 1817 denariirm
735 1779 838 1818 xxxix
852 1761 945 1818 millia
958 1764 1055 1834 palam

180 1848 275 1910 ‘salvis
291 1854 402 1926 legibus
422 1858 609 1911 coutulerunt
628 1857 659 1912 iu
681 1864 815 1912 statuam.
857 1858 985 1913 Primum
998 1875 1056 1931 quo
1098 1853 1100 1855 ’

170 1939 297 2007 ¹tantam
318 1948 498 2023 pecuniam?
517 1952 624 2008 deinde
649 1956 835 2025 quamobrem
858 1970 994 2010 censores
1017 1953 1055 2010 ad

183 2053 309 2105 statuam
333 2048 387 2104 tibi
410 2047 624 2107 conterebant?
643 2052 715 2106 ordo
728 2051 831 2124 aliquis
844 2068 997 2108 censorum
1010 2055 1056 2108 est

186 2144 367 2220 collegium?
387 2164 477 2220 genus
490 2147 605 2222 aliquod
620 2146 790 2208 homiuum?
811 2166 879 2207 nam
891 2148 912 2181 ⁵¹
924 2156 972 2206 aut
989 2152 1057 2223 orab-

185 2244 246 2302 lice
270 2245 409 2303 civitatee
430 2247 501 2303 istos
523 2249 646 2324 tronores
667 2249 792 2305 habente
820 2254 869 2306 aut
894 2250 1057 2322 generatim

185 2345 328 2414 homiues,
342 2351 376 2402 ut
398 2353 534 2412 aratores,
548 2352 580 2403 ut
601 2354 783 2412 mercatores,
796 2347 817 2378 ⁶⁰
827 2354 858 2402 ut
872 2348 1056 2405 navicularii.

186 2443 332 2502 Censores
351 2444 468 2515 quidem
482 2443 530 2514 qui
544 2443 643 2514 magis,
657 2460 742 2515 quam
756 2440 889 2498 aediles?
910 2443 956 2499 Ob
970 2447 1058 2501 bena-

185 2538 309 2602 iicium?
329 2541 409 2612 Ergo
422 2541 477 2596 lroc
502 2539 640 2605 tuebere,
654 2541 706 2596 abs
730 2546 760 2597 te
781 2542 854 2596 lsaee
868 2541 960 2612 petita
973 2559 1056 2599 esses

186 2637 208 2674 ¹⁹
217 2635 300 2716 (nam
313 2642 414 2709 erepta
427 2637 485 2693 nori
499 2637 618 2694 audebis
627 2636 725 2694 dicere
736 2637 758 2714 z)
771 2643 801 2694 te
809 2655 860 2695 eos
874 2639 1057 2713 magistratus

216 2793 241 2864 ὅξ
255 2789 404 2861 Tiumrclu'de]
420 2767 541 2850 recepimus
550 2804 592 2850 pro
602 2789 755 2836 timarchidis
764 2806 812 2837 cum
822 2791 920 2838 Graevio
930 2791 1057 2839 ePriseiani
1145 2845 1149 2855 Ι

186 2855 368 2976 witru
378 2928 419 2988 ssa]
453 2929 488 2974 An
497 2941 564 2973 xxxx
574 2941 603 2973 m.
631 2927 691 2974 Nam
701 2927 733 2972 ita
743 2933 816 2974 esseut
825 2929 893 2989 plane
902 2943 952 2978 cxx
959 2944 988 2975 nr.
999 2929 1056 2977 H-s.

189 3004 247 3053 quae
256 3003 340 3035 summa
350 2992 401 3048 post
410 2985 513 3042 traditur,
521 3001 652 3047 quamquam
662 2985 709 3030 alia
719 2986 742 3032 in
752 3002 782 3032 re.

189 3068 249 3175 bg·
255 3072 296 3114 m
302 3066 390 3124 publice
398 3093 409 3102 .
416 3091 426 3101 .
434 3069 475 3112 aut
482 3064 613 3125 generatim]
629 3068 668 3110 alit
677 3064 830 3122 mmunitm
846 3069 886 3112 alli
901 3070 1059 3135 00me

243 3144 250 3172 1

220 3206 241 3238 ³⁸
252 3140 445 3265 macularit]
477 3205 540 3259 Sunt,
559 3204 596 3308 Ἓί
611 3203 772 3251 naviculariam
788 3205 908 3261 iaciebant,
926 3221 948 3254 v.
960 3207 1024 3255 Clav.
1036 3208 1060 3255 in

189 3265 339 3311 muratorio.
374 3266 472 3323 Apparet
481 3263 562 3308 multos
587 3277 613 3309 oc
622 3277 690 3320 genus
699 3268 802 3323 quaestus
811 3263 833 3310 in
844 3264 922 3310 Sicilia
931 3267 1060 3323 exercrisse,

190 3321 385 3428 &mamare
402 3325 538 3367 mercaturae
553 3322 686 3374 maritimae.
700 3328 726 3367 ut
739 3327 812 3370 essent
820 3322 853 3368 ita
861 3337 931 3381 genna
939 3325 1060 3381 hominum,

221 3460 243 3493 m
257 3475 310 3507 mm
319 3462 391 3514 erepto
404 3472 428 3504 u.
438 3472 459 3504 u.
471 3456 505 3517 d]
535 3455 643 3504 Graevius
659 3471 672 3501 e
692 3457 789 3515 vestigia
805 3457 851 3504 Me.
861 3457 884 3504 in
893 3472 938 3519 quo
947 3460 996 3501 erat
1005 3461 1060 3512 epte,

192 3518 265 3565 edidit
273 3522 335 3563 emta.
367 3518 425 3562 Sane
442 3520 515 3572 crepta
533 3529 573 3561 nee
589 3515 636 3574 ipse
653 3528 741 3574 possum
759 3516 878 3575 explicare,
889 3530 930 3561 nee
940 3515 1061 3582 explicavit

223 3576 239 3623 's
254 3591 269 3622 u
277 3592 318 3629 uu,
335 3591 363 3621 ne
374 3575 528 3622 Hotomannus
537 3573 632 3634 quidem,
643 3572 681 3633 qui
696 3579 766 3629 emptu
776 3574 891 3634 perspicue
901 3572 1019 3618 absurdum
1025 3586 1061 3628 Ju-

190 3591 286 3682 Qut.
319 3634 387 3680 Emtc
404 3639 480 3680 tantem
496 3631 610 3678 commode
620 3630 726 3691 explicari
742 3637 829 3701 potest:
846 3632 950 3676 namhoc
977 3631 1062 3675 relecto

190 3708 236 3741 non
250 3692 341 3739 audebis
359 3692 440 3745 dicere,
454 3697 478 3737 te
493 3690 547 3737 istos
558 3691 652 3736 lronores
662 3688 786 3736 vendidisse
796 3688 943 3751 potiusquam
1003 3701 1060 3734 asse.

192 3751 236 3800 sed
248 3750 271 3797 iu
281 3750 359 3797 ceteris
369 3756 403 3796 est
419 3748 486 3796 etiam
496 3747 580 3810 aliquid
590 3748 733 3794 difficultatis.
764 3748 844 3794 Cicero
853 3746 936 3806 accipit
945 3745 1064 3793 contario·

192 3824 244 3858 seru
253 3808 338 3869 Verris,
348 3808 448 3857 benefitii
465 3823 541 3856 caussa
550 3808 614 3857 datos
630 3821 679 3859 esse
687 3807 798 3866 honorea;
813 3809 838 3853 ut
848 3804 899 3852 iude
909 3805 1007 3866 colligat,
1017 3819 1064 3853 noa
