2700 4675
439 566 504 619 eso
518 569 587 620 sex.
603 567 718 620 nosoro
732 569 894 621 menno.
1064 573 1101 636 ῃ

225 715 381 773 societate
389 716 539 775 neminem
551 734 626 787 esse,
645 717 695 793 qui
709 719 830 775 verbum
848 718 1106 776 taceremne-tenr-

234 829 306 885 pore
321 814 450 870 auderet.
481 816 574 872 llaec
589 819 620 871 te
631 817 733 889 opinio
746 816 820 872 laiss
831 817 865 872 in
877 816 964 873 istem
976 816 1106 874 dsudern

225 910 362 985 impulit.
382 929 444 970 non
457 914 623 971 mehercule
636 916 758 972 verbum
769 914 896 982 fecisses,
907 913 933 972 si
945 913 1000 971 tibi
1011 931 1107 989 quem·

237 1027 324 1085 quem
337 1027 540 1085 responsurum
553 1018 693 1087 putasses.
736 1012 849 1086 Operae
863 1013 987 1085 pretium
997 1011 1108 1081 erut-ti

237 1107 495 1180 animadvertistis,
509 1112 634 1185 judices,
659 1111 868 1187 negligentium
890 1112 951 1185 eius
970 1113 1002 1169 in
1022 1127 1107 1169 accu-

229 1208 333 1265 sando
345 1209 534 1268 considerare.
576 1212 682 1279 Credo,
695 1228 762 1269 cum
774 1211 906 1279 vidisset,
914 1211 963 1285 qui
973 1210 1106 1270 homines

236 1305 268 1364 in
282 1307 363 1387 bisce
380 1310 523 1367 subselliis
549 1312 693 1378 sederent,
717 1309 872 1384 quaesisse,
894 1328 964 1366 num
983 1311 1043 1392 ille,
1057 1312 1107 1367 snt

223 1403 288 1463 =ille
306 1407 472 1466 defensurus
495 1415 587 1466 esset:
609 1410 646 1466 de
668 1427 714 1465 me
736 1427 774 1465 ne
793 1409 969 1480 suspicatum
982 1408 1108 1481 quidem,

235 1507 311 1581 quod
325 1511 413 1563 antea
433 1523 550 1564 oausam
564 1508 712 1580 publicum
726 1508 835 1563 nullam
848 1506 981 1563 dixerim.
996 1511 1108 1578 postes·

236 1623 321 1680 quam
334 1605 453 1663 invenit
467 1607 614 1664 neminem
632 1623 742 1672 eornm,
756 1606 805 1680 qui
820 1610 939 1679 possunt
953 1608 982 1661 et
995 1606 1106 1675 solent:

235 1705 280 1763 itu
293 1706 445 1781 negligens
460 1724 524 1763 esse
547 1706 654 1779 coepit,
668 1711 709 1774 ut,
723 1723 790 1764 cum
804 1705 835 1762 in
848 1709 977 1763 mentem
992 1704 1107 1762 veniret

224 1804 276 1872 ei,
289 1804 444 1874 resideret:
464 1805 571 1863 deinde
581 1805 767 1879 spatiaretur:
789 1821 1004 1878 nonnumquam
1017 1804 1108 1860 etism

223 1919 357 1977 puerum
394 1908 525 1971 vocaret,
554 1901 684 1969 ³¹credo,
710 1901 759 1959 cui
784 1918 908 1959 coenum
934 1901 1106 1973 imperaret:

231 2017 351 2073 ¹prorsus
363 2006 395 2056 ut
405 2004 503 2056 vestro
514 2016 651 2057 consessu
661 2003 693 2054 et
704 2000 761 2055 hoc
775 2006 925 2055 conventu
936 2016 987 2071 pro
998 2014 1108 2055 summa

240 2098 397 2156 solitudine
412 2099 585 2154 abuteretur.
626 2096 779 2153 Peroravit
791 2096 963 2171 aliquando:
983 2096 1106 2153 assedit:
1118 2096 1160 2155 22

224 2197 352 2255 *surrexi
367 2214 429 2272 ego.
451 2195 682 2270 respirare-visus
696 2201 749 2263 est,
763 2197 839 2271 quod
852 2212 911 2253 non
924 2195 998 2252 alius
1012 2195 1107 2274 potius

222 2296 360 2356 'diceret
402 2294 495 2370 Coepi
517 2295 625 2354 dicere.
665 2292 794 2370 ³¹³Usque
818 2291 880 2373 [eo]
902 2294 1106 2365 animadverti,

220 2396 359 2470 ¹judices,
380 2410 447 2452 eum
462 2394 558 2469 jocari
571 2400 656 2470 atque
677 2395 750 2452 alius
765 2413 810 2452 res
830 2413 926 2468 agere,
939 2400 1008 2451 suto
1022 2410 1108 2467 quum

225 2494 464 2567 ‘Chrysogonum
485 2492 654 2549 nominavi:
685 2508 771 2566 quern
789 2491 877 2547 simul
902 2482 988 2564 etque
1014 2490 1108 2564 attigi,

228 2588 592 2649 stetimbomoseerexit.
613 2588 711 2646 mirari
721 2589 801 2646 visus
811 2592 864 2645 est.
884 2587 1029 2656 intellexi,
1039 2587 1109 2663 quid

241 2687 500 2764 eumpnpugisset.
541 2686 650 2745 ltemm
659 2702 695 2744 se
704 2687 790 2745 tertio
801 2685 960 2744 nominavi.
989 2686 1108 2747 ‘Postea

240 2788 374 2847 homines
388 2787 591 2846 cursare-ultro
603 2790 634 2843 et
647 2786 724 2844 citro
735 2787 989 2844 nondestiterunt:
1010 2787 1107 2855 credo,

221 2890 288 2965 ·qui
304 2890 496 2962 Chrysogono
515 2884 693 2953 nuntiarent,
707 2901 771 2943 esse
791 2885 917 2958 aliquem
930 2884 1107 2967 incivitate,

238 2989 289 3065 qui
309 2992 411 3047 contre
433 2986 615 3043 voluntatem
642 2984 704 3058 ejus
731 2983 829 3041 dicere
855 2984 991 3040 cuderet:
1024 2982 1108 3041 aliter

220 3106 356 3148 causam
368 3085 426 3161 egi,
437 3089 534 3160 etque
556 3083 607 3142 ille
625 3083 822 3141 existimaret:
834 3081 948 3156 'aperiri
970 3083 1107 3140 bonorum

239 3187 414 3245 emtionem:
436 3182 539 3241 vexari
560 3182 684 3256 pessime
704 3182 893 3240 societatem:
914 3180 1044 3254 gratiam,
1058 3199 1106 3256 po-

223 3299 226 3303 ·
240 3286 418 3357 tentlsmque
431 3284 493 3357 ejus
507 3281 632 3356 negligi:
647 3281 763 3354 judices
774 3280 929 3355 diligenter
939 3281 1105 3338 attendere:

240 3384 347 3458 populo
360 3399 421 3438 rem
434 3381 583 3455 indiguam
597 3379 700 3437 videri.
745 3381 828 3451 Quae
842 3379 977 3454 quonism
987 3385 1016 3436 te
1028 3379 1107 3436 selel·

270 3534 294 3568 ³⁷
309 3534 379 3590 credo,
391 3534 428 3580 tui
437 3547 524 3582 escuem
538 3532 665 3603 imperaret]
684 3533 794 3593 quomodo
810 3547 874 3579 servo
889 3547 980 3579 coenam
997 3532 1108 3594 imperare

240 3592 334 3658 potuit?
348 3607 399 3638 nem
407 3593 607 3648 maumimpsrore
613 3596 648 3637 est
653 3591 732 3649 jubere
739 3591 834 3653 nliqwm
841 3592 882 3638 sibi
889 3604 981 3639 coenam
990 3589 1106 3652 praebere,

237 3657 277 3704 An
287 3652 370 3698 excidit
379 3651 424 3697 uti
437 3656 464 3698 ut
478 3651 522 3706 eui,
533 3655 576 3696 etc.
584 3649 669 3696 scilicet
678 3663 718 3710 per
726 3664 814 3697 servum
824 3651 921 3699 missum.

269 3733 291 3767 ³⁸
309 3729 416 3790 Usqoeer
429 3756 440 3765 -
454 3754 464 3766 ·
478 3729 622 3788 adeptum]
652 3727 984 3777 Haecnonoonsentiuntinter
992 3739 1023 3772 se.
1054 3723 1108 3770 Post

238 3805 345 3861 mqnssp
363 3789 431 3835 debet
447 3802 495 3836 esse
511 3788 573 3858 dum:
604 3786 757 3858 Eolvitiomm
771 3793 812 3845 est,
827 3789 989 3890 delendumtffit
1005 3785 1066 3844 puto,
1081 3784 1108 3830 ut

238 3862 308 3911 sepse
317 3853 347 3898 srt
355 3864 397 3910 pro
405 3852 521 3911 perpetuo,
530 3848 624 3896 assidue.
653 3846 885 3912 Sumsterllpp.sd
893 3846 946 3894 Drv.
991 3841 1055 3902 1,19.
