2700 4675
415 587 692 639 maranesca
708 584 895 636 teneatue.
1046 587 1093 649 93

221 735 299 793 iuter
309 736 449 793 honestos
461 736 603 801 homines,
619 739 706 808 atque
718 733 793 789 adeo
805 729 982 787 interrivos
994 746 1093 787 nume·

223 830 353 891 rabitur?
373 833 412 889 In
432 833 559 889 minimis
572 831 749 904 privatisque
759 831 853 895 rebus,
866 827 955 885 etiam
972 824 994 860 ²³
1004 826 1094 900 negli-

223 930 326 1004 geutia
339 930 371 987 in
385 929 496 986 crimen
510 928 649 995 mandati,
662 927 862 1001 judiciumque
877 925 998 983 infamia
1011 942 1093 982 revo-

224 1033 317 1095 catur,
334 1033 485 1102 propterea
498 1027 582 1102 quod,
600 1024 622 1059 ⁷⁴
632 1026 657 1083 si
669 1030 748 1083 recte
769 1026 829 1091 fiat,
848 1026 930 1082 illum
945 1024 1094 1097 negligere

226 1130 368 1197 oporteat,
394 1126 443 1200 qui
469 1125 619 1194 mandarit,
644 1143 702 1182 uon
729 1125 824 1192 illum,
848 1123 897 1198 qui
923 1124 1092 1181 mandatum

225 1223 385 1296 receperit:
405 1224 435 1281 iu
450 1241 480 1280 re
494 1229 583 1291 tauta,
599 1242 672 1297 quae
686 1224 803 1296 publice
816 1223 898 1296 gesta
908 1229 993 1296 atque
1014 1238 1092 1278 coru·

225 1322 315 1379 missa
327 1324 373 1390 sit,
391 1323 511 1397 quinon
525 1322 706 1396 negligentia
721 1322 868 1395 privatum
880 1322 995 1394 aliquod
1015 1319 1093 1377 eom·
1126 1364 1132 1372 ,

218 1411 341 1480 Ιιηοιίιιῐη
353 1420 479 1488 laeserit,
497 1423 550 1478 sed
571 1420 692 1494 pertidia
715 1418 870 1493 legationis
892 1419 981 1490 ipsius
997 1434 1094 1473 caere·

221 1522 351 1581 moniam
365 1520 500 1593 polluerit
518 1521 689 1592 maculaque
703 1516 848 1573 affecerit:
867 1516 961 1591 queis
975 1517 1094 1572 taudem

221 1637 318 1694 poena
344 1614 509 1676 afficietur?
536 1621 586 1673 aut
613 1633 670 1691 quo
689 1615 804 1688 judicio
828 1611 1034 1672 damnabitur?
1059 1612 1093 1670 Si

221 1718 343 1776 hancei
363 1734 423 1775 rem
437 1716 575 1788 pdvatim
596 1717 667 1773 Sex.
683 1715 806 1773 Roscius
830 1714 1037 1779 mandavisset,
1059 1715 1093 1769 ut

221 1832 290 1874 eum
311 1817 503 1887 Chrysogono
527 1814 700 1887 transigeret
722 1819 809 1887 atque
827 1813 984 1879 decideret,
1003 1814 1093 1883 inque

224 1911 298 1970 eem'
306 1930 366 1968 rem
378 1913 466 1967 fidem
479 1929 569 1977 suam,
583 1912 608 1967 si
628 1911 696 1983 quid
710 1927 781 1982 opus
794 1928 858 1966 esse
871 1915 994 1981 putaret,
1006 1910 1094 1965 inter·

225 2014 366 2085 poneret:
388 2008 447 2073 ille,
464 2007 513 2081 qui
532 2024 597 2063 sese
616 2007 758 2063 iacturum
772 2008 937 2079 recepisset,
957 2023 1054 2063 nonne
1068 2007 1094 2063 si

224 2125 266 2167 ex
290 2124 326 2164 eo
347 2106 466 2179 negotio
486 2107 628 2163 tantulum
651 2105 683 2161 in
705 2122 766 2162 rem
787 2122 867 2162 suam
890 2104 1093 2172 convertisset,

222 2208 377 2266 damnatus
392 2204 599 2277 perturbidam,
613 2209 644 2261 et
656 2222 716 2262 rem
730 2204 903 2271 restitueret,
916 2209 946 2262 et
959 2206 1092 2261 honesta

221 2312 283 2368 tem
301 2322 419 2363 omnem
433 2301 599 2363 amitteret?
620 2305 649 2361 N
652 2322 709 2362 unc
724 2322 781 2362 non
797 2306 873 2362 hanc
894 2303 923 2361 ei
942 2320 1002 2361 rem
1019 2304 1090 2361 Sex.

223 2406 350 2467 Roscius
373 2404 533 2470 mandavit,
557 2405 618 2471 sed,
638 2405 670 2460 id
692 2405 768 2477 quod
788 2406 881 2460 multo
901 2403 1019 2475 gravius
1038 2406 1093 2467 est,

222 2508 288 2580 ipse
309 2507 380 2561 Sex.
401 2503 524 2560 Roscius
543 2520 610 2558 cum
622 2503 707 2567 lama,
722 2502 793 2568 vita,
806 2501 947 2574 bonisque
960 2500 1094 2557 omnibus

224 2603 247 2639 τ’
257 2622 276 2661 a
288 2601 491 2660 decurionibus
505 2599 621 2672 publice
635 2600 745 2657 Roscio
759 2601 910 2657 mandatus
923 2605 984 2658 est:
1004 2606 1036 2659 et
1054 2616 1096 2662 ex

225 2760 251 2804 et
266 2756 289 2802 in
303 2755 449 2802 antecedente
461 2758 495 2800 est
510 2757 596 2802 tantum
608 2769 660 2813 uua,
674 2758 699 2801 et
711 2755 800 2801 lemme
813 2758 838 2802 et
852 2755 911 2801 fama
925 2757 955 2804 ad
970 2758 1093 2807 communis

224 2815 356 2879 praedicata
366 2815 496 2860 referuntur.

256 2896 280 2930 ⁷³
293 2893 431 2952 negligentia
441 2894 469 2940 in
480 2893 565 2940 taimen
580 2893 688 2949 aremii,
705 2895 759 2953 ete]
790 2893 838 2940 Alii
851 2893 924 2950 aliter,
939 2894 1048 2941 Graevius
1062 2895 1095 2944 sis

222 2956 280 3006 haec
298 2953 427 3012 corrigenda
444 2957 520 3014 putat:
538 2952 672 3010 negligeritis
687 2953 788 3000 moduli
796 2955 823 2999 in
840 2952 924 2998 crimea
937 2953 1094 3015 judiciumque

221 3018 351 3083 reuocetur:
361 3012 457 3070 irffomiu
467 3026 509 3081 pro
517 3011 694 3082 glossatorimiuia
704 3013 785 3082 lrabet:
802 3024 873 3083 eaque
882 3018 916 3057 est
924 3014 1017 3072 optima,
1027 3028 1093 3074 quarn

222 3073 681 3183 dimittedimitte·
690 3071 1093 3188 alttitmtdttittt

224 3191 319 3238 Crtaren
326 3189 427 3235 medati
440 3188 555 3237 commode
571 3188 614 3234 diei
622 3195 703 3249 potest,
718 3189 775 3235 sicut
783 3190 849 3246 aetio,
861 3189 968 3246 judicium
983 3193 1092 3249 mandati,

224 3248 340 3295 intellecto
348 3247 408 3292 mele
422 3247 485 3306 gesti,
500 3245 587 3302 violati,
598 3253 640 3293 etc.
667 3248 711 3294 Ed.
722 3247 811 3309 Gryph.
824 3249 952 3308 judidicate
966 3248 991 3294 s'u
1002 3252 1091 3307 ensium,

225 3308 285 3368 quod
294 3305 375 3366 probat
385 3305 530 3350 Fauciolatua
557 3305 591 3350 Ea
602 3306 669 3352 lectio
677 3312 713 3352 est
722 3321 736 3351 e
744 3307 876 3364 coniectura,
886 3322 931 3353 usur
941 3309 981 3354 illa
995 3316 1092 3355 conteru-

225 3366 313 3422 nenda;
324 3379 374 3408 narn
385 3369 437 3410 unte
446 3363 510 3418 dixit,
519 3364 624 3420 judicium
634 3365 734 3410 mandati
746 3371 812 3426 turpe
822 3381 897 3412 essee.
908 3370 943 3414 37.
970 3367 1020 3414 Etsi
1025 3369 1092 3426 jedi-

226 3422 327 3528 os'affitsie
340 3422 398 3467 nude
414 3423 466 3483 poni
475 3422 498 3469 in
507 3422 548 3467 tali
563 3437 588 3469 re
599 3438 643 3470 nou
652 3425 723 3482 solet;
740 3429 815 3471 umen
826 3425 850 3471 id
867 3425 889 3471 h.
906 3425 923 3472 1.
934 3427 1031 3473 oratorie
1046 3423 1093 3472 fieri

256 3560 279 3594 ⁷⁴
293 3558 320 3605 si
328 3557 450 3620 reetefiot.]
476 3559 519 3606 Ed.
530 3560 567 3605 W.
578 3561 676 3607 ratione:
691 3559 714 3606 in
725 3575 768 3622 quo
777 3576 821 3608 nou
829 3566 864 3609 est
872 3562 957 3610 librarii
970 3560 1093 3608 aberrantis

223 3634 296 3676 error,
307 3616 431 3686 autglossa,
443 3622 468 3662 ut
477 3623 538 3664 recte
545 3618 601 3665 vidit
611 3618 726 3666 Graevius.
750 3622 828 3668 Sensus
838 3626 879 3678 est,
890 3624 908 3667 si
918 3637 953 3667 res
963 3620 1009 3665 lieri
1017 3619 1092 3675 debet,

223 3686 250 3729 ut
260 3693 314 3724 vera
324 3680 383 3724 retro
392 3677 497 3737 postulat,
509 3682 533 3722 et
542 3678 659 3728 secuudum
668 3692 743 3725 veram
753 3679 863 3727 rationem
875 3680 1007 3737 judicamus,
1023 3676 1094 3735 negli-

223 3738 300 3800 gentia
309 3735 361 3783 ferri
371 3738 459 3781 tentum
468 3739 541 3796 potest
551 3735 574 3781 in
583 3751 617 3793 eo,
628 3737 688 3794 carius
700 3752 734 3784 res
743 3743 784 3796 est,
796 3743 839 3785 etc.

251 3817 275 3852 '¹⁵
288 3831 303 3862 e
312 3814 470 3862 mmm
475 3814 581 3876 mellica]
607 3815 651 3863 ffis
660 3819 793 3878 reqsoudent
801 3818 859 3864 infra
868 3836 873 3862 ι
883 3817 986 3862 uoluatur
994 3813 1095 3861 &olne-

222 3891 280 3925 mcm
289 3880 309 3924 st
318 3874 459 3932 amedaeum
468 3873 575 3921 mnium.
601 3875 712 3926 Ultimum
721 3877 841 3938 respondet
850 3874 920 3920 verbo
926 3871 1022 3928 mellico.
