2700 4675
532 566 754 623 ansanum.
1020 584 1084 632 m

213 743 288 789 saue
322 729 457 789 constat.
516 722 552 788 si
580 724 766 788 habuissent
796 741 902 784 earum
939 731 1085 787 auctores

211 819 311 873 totum
336 812 519 885 orationum,
547 831 625 892 quas
647 810 744 871 habet
773 828 929 893 quaeque,
957 829 1084 893 corpus,

211 917 274 959 uno
285 896 442 960 volumine
455 896 716 978 comprehensum
729 917 739 969 3
761 902 906 955 recentes
919 893 1087 957 admodum
1100 933 1101 936 =

211 982 309 1044 luisse
325 990 447 1044 certum
474 988 569 1041 esset.
617 980 701 1042 Nam
724 979 756 1042 in
782 986 916 1061 utroque
939 979 1086 1066 exemplo

213 1065 321 1129 insunt
346 1087 413 1142 eae,
438 1086 515 1148 quas
541 1066 660 1150 primus
687 1064 740 1127 illo
769 1064 878 1127 seculo
901 1064 1040 1147 Poggius
1067 1086 1086 1129 e

214 1149 381 1215 Germania
407 1153 438 1215 in
468 1150 589 1212 ltaliam
619 1151 776 1213 attulerat.
839 1148 906 1214 Sed
937 1160 973 1214 ut
1002 1172 1086 1216 nune

212 1236 325 1313 nullus,
342 1236 550 1320 quodecim,
567 1237 673 1299 codex
689 1237 827 1322 scriptus
848 1238 1015 1322 reperitur,
1031 1237 1085 1321 qui

214 1342 322 1385 omnes
335 1324 459 1399 habeat,
476 1323 522 1385 sic
541 1331 573 1384 et
594 1323 646 1385 illo
661 1331 803 1407 tempore
819 1344 878 1407 per
893 1325 984 1408 plura
998 1324 1085 1387 volu·

211 1408 294 1471 mina
309 1410 469 1495 dispersas
484 1408 581 1470 luisse
597 1409 753 1470 orationes
780 1429 818 1470 ac
842 1408 1008 1472 distractas
1024 1430 1086 1473 nou

212 1503 321 1579 potest
344 1495 491 1557 dubitari.
539 1495 654 1578 Neque
677 1494 760 1557 enim
782 1494 870 1556 multi
896 1515 1003 1557 omues
1018 1510 1086 1557 ora·-

213 1580 314 1642 tiones
330 1581 440 1643 usibus
463 1580 528 1643 suis
555 1589 660 1665 aptae,
683 1580 806 1663 sibique
833 1580 981 1662 legendas
997 1587 1086 1667 puta·

215 1664 311 1729 bant:
335 1666 391 1728 sed
409 1688 466 1752 pro
482 1688 539 1730 suo
560 1667 694 1750 quisque
714 1666 851 1728 consilio.
863 1676 897 1728 et
911 1666 1087 1730 studiorum

213 1750 356 1815 instituto
373 1753 564 1837 descriptam
580 1752 713 1835 aliquam
734 1773 839 1814 earum
856 1760 976 1836 partem
990 1753 1087 1817 habe·

214 1835 280 1898 bat.
338 1838 449 1920 ltaque
479 1846 513 1901 et
541 1859 623 1901 nunc
654 1839 686 1901 in
715 1837 916 1901 bibliothecis
947 1838 1087 1902 Codice!

213 1924 324 2007 scripti
337 1925 545 2007 reperiuntur,
557 1926 655 1999 vario,
665 2003 668 2007 ι
679 1944 776 2008 saepe
792 1924 964 2007 perexiguo
976 1925 1088 1987 oratio·

215 2028 288 2069 num
318 2029 458 2070 numero.
505 2008 717 2092 inprimisque
748 2017 844 2093 saepe
875 2017 908 2070 et
939 2030 957 2069 a
982 2009 1088 2072 multis
1156 2075 1160 2081 ,

214 2091 475 2155 describebantur
497 2093 652 2155 orationes
668 2113 736 2167 eae,
761 2114 841 2176 quae
868 2102 975 2157 essent
990 2093 1088 2157 studi·

213 2178 277 2240 osis
293 2178 489 2262 eloquentiae
506 2179 696 2264 aptissimae,
721 2179 783 2241 hoc
798 2187 862 2256 est,
874 2180 1089 2244 facilioresad

213 2263 448 2347 intelligendum
474 2273 568 2350 atque
598 2265 692 2328 etiam
717 2264 939 2329 elaboratiores
963 2267 1087 2353 etpul·

174 2383 184 2406 ι
214 2352 332 2414 oriones
348 2353 388 2414 ab
404 2353 588 2428 verborum,
599 2352 777 2434 figurarum,
792 2355 934 2415 locorum
950 2362 1087 2417 commu'·

214 2437 299 2500 aium
312 2440 414 2521 copia,
427 2446 460 2499 et
475 2458 672 2501 numerorum
687 2437 971 2519 concinnitatisque
987 2438 1089 2501 suavi·
1173 2453 1180 2474 ⁸

215 2530 290 2598 tate,
318 2532 352 2584 ut
368 2524 551 2596 Maniliana,
574 2521 755 2595 Miloniana,
780 2542 839 2605 pro
855 2519 988 2597 Archia,
1004 2523 1088 2587 Mar·

215 2608 307 2682 cello,
324 2616 395 2669 etc..
412 2607 495 2669 unde
511 2615 544 2669 et
559 2606 619 2668 hae
644 2606 731 2690 ipsae
758 2614 831 2669 sunt
845 2606 1087 2672 emendatiores.

216 2693 311 2763 Quae
334 2701 438 2754 autern
455 2699 562 2754 essent
586 2691 778 2755 difficiliores
794 2692 833 2755 ab
854 2703 1036 2780 argumento
1056 2702 1090 2758 et

218 2777 285 2840 aliis
314 2778 436 2854 causis„
459 2798 565 2840 earum
589 2799 659 2840 raro
686 2777 831 2864 exempla
850 2801 932 2842 nova
961 2780 1088 2859 fiebant,

218 2865 337 2949 quippe
354 2872 472 2928 tantum
489 2863 701 2939 doctioribus,
719 2872 752 2926 et
778 2865 808 2926 in
834 2865 883 2928 his
900 2887 1038 2949 quoque,
1053 2876 1096 2932 ut

217 2972 300 3014 nunc
311 2958 372 3026 est,
380 2951 490 3036 paucis
500 2950 561 3031 legi
571 2949 699 3012 solitae..
725 2950 836 3033 ltaque
844 2959 876 3013 et
888 2973 969 3015 nunc
979 2953 1089 3018 haruin

220 3037 325 3099 talium
334 3037 506 3099 orationum
518 3036 637 3121 scripta
646 3037 871 3121 exemplarara
881 3045 968 3115 sunt3
984 3060 1085 3123 eaque

215 3143 314 3185 causa
328 3130 497 3205 est‚.quare
523 3142 579 3184 eae
606 3122 762 3185 orationes
788 3123 888 3186 minus
905 3127 1088 3190 emendatae

217 3207 289 3283 sint,
305 3209 504 3291 habeantque
532 3207 739 3285 difficiliorem
762 3211 876 3272 ceteris
899 3212 1097 3276 emendatio·-

216 3314 298 3369 nem,
314 3294 468 3357 interdum
492 3315 551 3356 nec
579 3293 726 3376 intelligi.
747 3315 806 3357 nec
824 3297 936 3378 corrigi
951 3298 1085 3383 possint.

218 3378 347 3442 Interim
362 3381 442 3443 bene
459 3380 608 3454 haberet.
621 3379 652 3442 si
674 3382 907 3445 emendatiores
928 3386 1002 3447 satis
1019 3383 1088 3448 dili·

219 3471 330 3544 genter
345 3487 364 3526 a
378 3466 481 3529 multis
498 3466 694 3548 legerenlun,.
706 3476 802 3549 atque
816 3469 909 3530 etiam
929 3478 1090 3535 ceteraea

218 3548 321 3611 doctis
348 3550 524 3614 hominibus
548 3573 608 3614 non
635 3554 865 3634 negligerentur
893 3555 995 3618 nimis.
1017 3576 1089 3619 nam
1140 3565 1142 3569 ’

218 3635 294 3697 satis
325 3644 410 3698 esset
434 3635 481 3711 ea]
512 3658 592 3720 quae
623 3638 689 3701 sine
719 3639 806 3702 vilio>
821 3648 905 3716 sunt,
935 3641 997 3703 hoc
1028 3647 1088 3718 est,

217 3720 382 3784 maximam
398 3730 518 3807 partem
542 3723 603 3804 legi
619 3731 713 3806 atque
737 3725 875 3808 intelligi.
923 3726 995 3788 Nec
1011 3747 1088 3790 vero

216 3827 254 3869 ea
269 3807 436 3874 difficultas
452 3808 592 3875 homiues
606 3809 728 3888 doctos,
751 3820 784 3875 et
806 3813 837 3876 in
853 3812 972 3879 criticis
989 3811 1085 3876 rebus
