2700 4675
443 562 555 617 moa
570 560 867 614 sosc1ooouonoo.
1030 562 1088 627 131

220 706 341 781 perduci
354 709 524 767 consuevit
544 709 608 784 quis
622 708 703 770 enim
720 706 956 781 a'deprecatione
967 705 1094 773 deorum,

224 823 287 864 non
308 804 509 863 conscientiae
528 808 586 865 tide
604 802 824 865 commovetur?
845 805 1003 877 Propterea
1022 818 1096 877 quac

227 921 325 977 poena
338 905 375 961 ab
387 903 446 960 diis
459 903 667 961 immortalibus
681 902 802 978 perjuro,
815 902 890 960 haec
904 889 1005 959 eadem
1018 918 1098 958 men·

228 1001 299 1058 daci
309 1000 469 1058 constituta
478 1006 532 1059 est.
572 1002 642 1059 Non
651 1001 731 1059 enim
741 1019 779 1059 ex
789 1001 926 1076 pactione
936 1001 1098 1065 verborum.

230 1098 334 1173 quibus
342 1099 542 1173 jusjurandum
553 1099 812 1173 comprehenditur,
825 1100 876 1157 sed
887 1117 926 1157 ex
937 1098 1058 1173 perfidia
1068 1099 1100 1153 et

232 1194 355 1263 malitia,
369 1214 420 1269 per
432 1214 517 1271 quam
526 1197 648 1255 insidiae
659 1199 815 1256 tenduntur
824 1197 923 1265 alicui,
932 1195 976 1254 dii
985 1196 1099 1255 immor·

233 1294 307 1351 tales
321 1293 482 1352 bominibus
495 1295 582 1353 irasci
596 1300 626 1353 et
639 1313 811 1354 succensere
831 1299 1014 1353 consuemnt.
1055 1294 1100 1353 st

233 1408 290 1465 ago
302 1392 357 1450 boc
371 1411 410 1450 ex
423 1394 568 1452 contrario
582 1396 739 1451 contendo.
779 1393 892 1451 Leuior
914 1397 992 1450 esset
1004 1396 1102 1449 aucto-

233 1489 302 1548 ritas
317 1490 426 1559 cluvii‚
440 1492 466 1547 si
486 1491 600 1549 diceret
612 1491 735 1564 juratus,
758 1508 844 1566 quam
867 1506 945 1547 nunc
968 1494 1022 1558 est,
1035 1506 1102 1546 cum

230 1588 306 1647 dicit
317 1588 468 1664 injuratus.
510 1590 591 1648 'I'um
604 1591 684 1649 enim
697 1590 817 1648 forsitan
836 1587 1001 1664 ³8improbis
1014 1587 1102 1646 nimir

233 1687 353 1761 cupidus
372 1688 528 1758 videretur,
550 1688 609 1764 qui,
622 1691 729 1765 quade
742 1707 773 1747 re
791 1688 884 1762 judex
898 1686 1006 1756 ruisset,
1019 1685 1102 1743 testis

233 1781 335 1843 esset?
355 1804 432 1844 nunc
446 1788 578 1845 omuibus
592 1788 720 1847 inimicia
732 1804 853 1845 necesse
866 1791 912 1843 est
924 1784 1102 1843 castissimus

237 1886 270 1939 et
289 1882 538 1941 constantissimus
559 1903 623 1941 esse
645 1886 788 1951 videatur,
809 1884 920 1957 quiid,
941 1884 1017 1957 quod
1039 1882 1106 1948 scit,

237 1978 426 2035 familiaribus
439 1979 499 2035 suis
520 1980 603 2037 dicit.
643 1982 704 2038 Dic
725 1998 813 2047 nunc,
826 1980 853 2035 si
870 1985 963 2053 potes,
975 1979 1001 2035 si
1014 1996 1068 2045 res,
1081 1979 1107 2035 si

239 2092 334 2166 causa
342 2074 457 2148 patitur,
472 2074 610 2134 Cluvium
623 2095 688 2135 esse
704 2078 867 2136 mentitum.
907 2076 1050 2134 Mentitus
1064 2079 1109 2133 est

242 2169 388 2231 Cluvius?
408 2173 561 2247 Ipsa-mihi
574 2175 681 2235 veritas
694 2194 812 2235 manum
830 2175 943 2250 injecit,
953 2179 984 2232 st
993 2174 1108 2249 paullis·

238 2289 293 2348 per
304 2271 462 2330 consistere
476 2278 507 2331 et
526 2276 696 2335 commorari
713 2277 803 2352 cogit.
843 2276 931 2334 Unde
945 2275 1002 2333 boc
1015 2279 1108 2334 totum

240 2371 358 2430 ductum
383 2376 414 2430 et
434 2372 591 2432 conflatum
614 2377 799 2435 mendacium
825 2372 891 2432 est?
919 2373 1044 2431 Boeotus
1064 2376 1111 2429 est

243 2468 386 2528 videlicet
405 2471 493 2529 homo
514 2472 636 2529 callidus
658 2479 689 2529 et
711 2476 851 2529 versutus.
896 2466 994 2526 a'Hoc
1017 2468 1112 2536 initio,

244 2567 375 2640 cogitare
383 2568 496 2641 coepit:
509 2568 645 2644 quoniam
656 2568 787 2626 Fannius
795 2585 868 2625 ame
878 2566 953 2641 petit
963 2567 1027 2624 H·S
1037 2583 1113 2634 mon,

246 2668 347 2738 petam
373 2680 392 2719 a
418 2664 454 2721 C.
483 2665 601 2734 Cluvio,
627 2665 725 2740 equite
753 2667 894 2734 Romano,
929 2665 1113 2723 ornatissimo

247 2759 377 2828 bomine,
390 2765 423 2818 ut
440 2779 506 2819 mea
526 2779 615 2820 causa
635 2764 806 2822 mentiatur:
826 2764 915 2832 dicat,
934 2764 1115 2822 decisionem

245 2859 355 2918 factam
368 2878 442 2930 esse,
455 2879 528 2937 quae
541 2862 619 2920 sacta
638 2881 699 2920 non
718 2868 781 2921 est:
802 2862 866 2921 H-S
881 2879 1002 2920 coerano
1016 2879 1034 2917 a
1047 2863 1116 2920 Fla-

248 2959 301 3019 vio
314 2961 383 3019 data
403 2980 467 3020 esse
482 2961 607 3031 Fannio,
621 2980 695 3036 quae
715 2963 784 3019 data
804 2979 863 3018 non
876 2965 953 3017 sunt.
992 2959 1046 3017 Est
1059 2960 1116 3018 hoo
1151 2964 1153 2968 '

248 3062 424 3138 principium
444 3059 568 3135 improbi
591 3061 691 3129 animi,
714 3061 813 3119 miseri
834 3058 955 3134 ingenii,
981 3056 1115 3118 ”nullius

276 3216 302 3250 ³¹¹
316 3214 464 3273 deprecatione
473 3214 572 3276 durum]
588 3229 611 3262 v.
621 3215 687 3263 (ilar.
697 3215 720 3262 in
729 3217 813 3274 ἄφνω.

267 3293 301 3361 ,³⁸
315 3293 419 3349 improbis
444 3292 525 3362 qui-bie¹
534 3293 636 3362 dicantur
643 3293 745 3362 improbi,
752 3295 797 3342 diri
805 3294 828 3340 in
837 3294 903 3340 Utar.
925 3292 984 3340 Mox
994 3307 1034 3354 pro
1039 3293 1118 3354 injecit

248 3350 340 3396 videtur
349 3292 465 3407 ingenium
472 3355 569 3419 ‘sapsam
584 3353 635 3412 qpia
649 3358 747 3412 sequrtur
756 3354 819 3410 cogit
850 3353 892 3399 Est
901 3353 961 3398 enim
975 3358 1036 3398 totus
1045 3366 1119 3399 sermo

249 3401 290 3455 iric
299 3407 328 3452 de
337 3415 488 3478 repressum,
496 3409 621 3468 etiajicere
630 3416 836 3480 occurset-cogere
846 3425 902 3456 conr.
912 3411 971 3480 idom
981 3415 1022 3467 est,
1029 3413 1120 3479 eodem·

250 3481 296 3570 qug
302 3465 592 3582 iariyipciit‘cogiaeiciixmhaslt'.
597 3468 684 3514 laudan
697 3473 775 3526 onam
788 3495 799 3503 -
811 3495 821 3504 -
834 3494 845 3505 ·
859 3473 945 3527 coegit,
960 3475 1007 3516 uta
1016 3469 1119 3520 erobo.

250 3539 306 3634 σθω
320 3601 371 3647 Hoc
380 3557 454 3657 irritis,
464 3602 560 3658 cogitare
569 3603 654 3663 eornm]
687 3604 885 3665 interpungendum
899 3609 950 3666 post
962 3604 1036 3650 initio.
1068 3601 1121 3644 Sen-

252 3675 295 3780 {1¹1⁵
296 3666 347 3764 sciit:
353 3674 426 3763 effinse
435 3658 721 3779 {gffimhgpffgim'
735 3664 782 3720 jam
796 3679 864 3726 porro
879 3665 900 3710 ei
915 3665 948 3710 rei
964 3658 1123 3708 occurrendum

286 3799 308 3829 ⁴⁰
323 3797 412 3843 nullius
422 3795 542 3855 cccclii}
558 3795 617 3849 Edd.
644 3813 661 3845 r.
672 3800 734 3846 nulli
742 3816 797 3850 om.
829 3801 916 3848 Primus
925 3791 1064 3844 Juntadedit
1072 3791 1126 3860 muts

253 3854 331 3906 cunc.
344 3855 539 3917 (visioopusmn
548 3858 922 3922 estotbus)postAldusetoeteri.
953 3853 1127 3908 Votrsreststrut
