2700 4675
428 557 499 605 ΛΒΤ.
517 557 546 605 ll.
563 557 660 608 muna
674 556 853 606 flfflUNDUB.
1016 565 1078 625 340

214 704 377 777 legationes
385 704 519 761 omnium
532 705 686 763 civitatum
699 704 730 760 in
751 703 901 777 postulatis
922 706 1081 764 mmuni·

215 804 278 870 bus,
291 821 364 877 quae
377 803 436 859 lare
449 803 547 859 omnia
558 821 599 860 ex
611 804 668 860 tuis
688 802 802 874 injuriis
812 808 884 860 nata
903 807 979 869 sunl,
993 803 1082 861 etiam

216 902 273 957 hoc
286 902 448 967 ediderunt,
469 919 507 958 ur
527 918 664 958 suaeuis
686 918 728 957 an
748 918 809 967 cur,
823 918 886 957 ursi
902 919 969 957 -cuu
991 918 1020 957 rs
1039 917 1081 962 nn

218 1016 385 1056 anovrucm
400 1016 613 1067 nncnssrssnu,
623 1016 890 1057 aonurcnnnunun.
931 1000 992 1056 Tot
1003 1016 1082 1072 prae·
1092 1012 1133 1070 60

218 1102 295 1153 tores
309 1099 339 1154 in
356 1098 457 1154 Sicilia
471 1098 600 1156 luerunt:
622 1098 708 1154 toties
724 1099 805 1171 apud
826 1098 948 1171 majores
970 1106 1081 1155 nostros

218 1195 312 1253 Siculi
326 1204 458 1254 senatum
471 1197 616 1253 adierunt:
640 1196 962 1254 totiashacmemoria:
984 1204 1082 1254 tamen

217 1293 337 1367 hujusce
361 1296 431 1353 novi
455 1296 589 1369 postulati
612 1313 703 1369 genus
727 1302 812 1369 atque
836 1295 1008 1367 principium
1033 1301 1083 1352 tua

217 1401 349 1467 praetura
363 1395 466 1452 attulit.
504 1395 586 1467 Quid
600 1394 680 1450 enim
700 1400 759 1449 tam
777 1410 894 1459 novum,
918 1411 976 1450 non
987 1395 1083 1449 solum

216 1510 258 1557 re,
276 1494 330 1547 sed
350 1511 456 1564 genere
479 1493 542 1565 ipso
564 1489 749 1564 perstulandi?
780 1492 857 1547 Nam
876 1497 984 1560 cetera,
1009 1509 1082 1565 quae

216 1590 328 1646 suntin
343 1589 445 1646 iisdem
467 1590 614 1663 postulatis
629 1591 665 1645 de
685 1588 802 1661 injuriis
827 1590 893 1655 tuis,
907 1596 973 1646 sunt
994 1607 1082 1658 nova,

216 1690 267 1745 sed
284 1693 380 1745 tamen
405 1707 463 1745 non
485 1706 563 1744 novo
587 1690 672 1745 modo
695 1691 881 1761 postulantur.
923 1689 1039 1763 Rogant
1052 1692 1083 1745 at

215 1792 300 1845 orant
324 1787 417 1844 Siculi
431 1794 524 1859 patres
538 1787 726 1860 conscriptos,
741 1793 772 1844 ut
792 1788 881 1846 nostri
900 1789 1082 1860 magistratus

215 1888 336 1959 posthac
350 1887 485 1942 decumas
508 1888 571 1957 lege
588 1886 745 1940 Hieronica
760 1887 898 1939 vendant.
921 1889 950 1938 tu
976 1886 1082 1954 primus

216 1990 318 2041 contra
333 1983 520 2039 vendideras:
541 1982 634 2037 audio.
649 1999 696 2047 ne,
710 1979 741 2035 in
755 1982 861 2035 callam
872 1980 946 2051 quod
962 1979 1083 2049 impera·

217 2086 271 2149 tur,
285 2082 447 2139 aestiment.
472 2082 527 2136 hoc
550 2096 660 2151 quoque
682 2086 795 2150 propter
810 2083 872 2133 tuos
886 2082 981 2131 ternos
995 2077 1082 2132 ‹leria-

214 2181 274 2237 rios
289 2198 365 2237 nunc
380 2179 500 2253 primum
526 2180 700 2251 postulatur:
721 2177 772 2232 sed
785 2193 876 2250 genus
898 2175 974 2231 istud
988 2179 1082 2248 postu·

216 2279 297 2335 landi
311 2297 369 2337 non
383 2284 427 2335 est
442 2295 557 2335 novum.
574 2295 610 2333 ne
630 2275 757 2332 absentis
780 2293 885 2333 nomen
909 2274 1081 2348 recipiatur:

215 2396 255 2436 ex
271 2378 385 2435 Sthenii
399 2377 564 2434 calamitate
579 2381 609 2430 et
623 2381 671 2430 tua
693 2382 792 2431 natum
812 2379 856 2430 est
870 2374 984 2445 injuria.
1026 2374 1081 2430 Ce-

215 2481 278 2534 tera
293 2492 351 2530 non
371 2473 516 2544 colligam.
540 2475 607 2526 sunt
627 2470 726 2525 omnia
751 2470 913 2526 Siculorum
937 2471 1082 2540 postulata

216 2569 367 2644 ejusmodi,
381 2572 412 2623 ut
424 2567 546 2622 crimina
558 2567 684 2621 collecta
698 2565 730 2620 in
749 2583 836 2622 unum
865 2571 893 2622 te
917 2583 996 2621 reum
1016 2583 1080 2623 esse

216 2669 379 2727 rideantur.
394 2682 467 2739 quae
482 2669 579 2720 temen
593 2662 690 2718 omnia
705 2679 796 2719 novas
818 2664 938 2738 injurias
963 2665 1080 2733 liabent,

190 2823 193 2829 ,
216 2769 267 2827 sed
283 2765 503 2838 postulationum
517 2761 651 2816 formulas
661 2760 789 2816 usitatas.
830 2762 895 2818 Hoc
906 2763 1080 2834 postulatum

216 2870 254 2925 de
265 2862 365 2922 statuis
379 2860 528 2918 ridiculum
542 2877 605 2914 esse
620 2858 752 2914 videatur
765 2858 802 2925 ei,
816 2859 865 2932 qui
885 2876 944 2913 rem
964 2864 1079 2915 senten·

218 2966 344 3038 tiamque
359 2978 417 3018 non
431 2957 594 3032 perspiciat.
635 2958 786 3013 Postulant
795 2956 883 3022 enim,
898 2973 965 3021 uon,
978 2955 1020 3012 uti
1034 2973 1078 3014 ne

214 3070 356 3136 cogantur
382 3064 516 3117 statuere.
544 3055 612 3131 quid
638 3051 745 3129 igitur?
776 3059 807 3110 ut
832 3053 901 3127 ipsis
922 3072 959 3110 ne
979 3053 1076 3111 liceat.

214 3161 296 3234 Quid
310 3168 353 3217 est
368 3156 442 3216 lroc?
463 3156 537 3231 pelis
552 3174 569 3212 a
583 3173 639 3222 me,
653 3155 728 3228 quod
752 3152 783 3210 in
807 3157 854 3209 lua
868 3157 1009 3226 potestate
1023 3159 1077 3222 est,

216 3265 249 3317 ut
272 3260 300 3316 id
316 3259 368 3316 tibi
389 3259 483 3315 lacere
498 3274 555 3313 non
570 3251 678 3311 liceat?
699 3258 765 3325 pete
789 3252 891 3325 potius,
912 3271 949 3309 ne
970 3253 1032 3327 quis
1048 3259 1077 3312 te

214 3359 340 3418 invitum
353 3355 484 3430 polliceri
494 3358 542 3409 aut
553 3353 648 3408 lacere
662 3357 756 3425 cogat.
792 3349 875 3406 Nilril
885 3369 962 3426 ergo,
973 3351 1076 3424 inquit.

214 3458 361 3529 negabunt
374 3454 453 3510 enim
467 3467 567 3508 omnes
581 3467 612 3505 se
631 3447 772 3522 co'e'gisse.
786 3447 812 3504 si
826 3467 872 3505 me
886 3451 997 3505 salvum
1011 3467 1076 3507 esse

150 3548 154 3557 '
214 3553 272 3620 ris,
293 3553 363 3610 mihi
387 3554 502 3625 impone
527 3550 611 3605 islam
634 3547 703 3613 vim,
731 3552 761 3603 ut
782 3547 901 3604 omnino
924 3547 995 3603 mihi
1015 3565 1076 3606 non

214 3652 304 3709 liceat
319 3650 459 3724 polliceri.
500 3649 547 3706 En
571 3652 619 3703 tua
641 3650 773 3718 praetura
795 3645 916 3719 primum
941 3651 1008 3725 nata
1031 3650 1076 3703 est

213 3751 290 3808 haec
315 3748 491 3822 postulatio:
512 3763 567 3824 qua
591 3762 657 3803 cum
681 3750 806 3814 utuntur,
827 3745 883 3803 boc
902 3741 1076 3818 significant,

255 3864 326 3906 von.
347 3863 388 3905 rr.
664 3845 703 3900 32
