2700 4675
227 557 248 615 4
596 550 721 602 castro

225 697 385 771 oportebit:
406 704 438 758 ut
457 700 556 759 multis
578 698 771 759 incommodis
798 697 907 757 veritas
930 698 1105 771 debilitata,

225 798 343 857 tandem
355 800 501 875 aequitate
514 800 615 858 talium
639 800 766 857 virorum
786 802 939 856 recreetur.
982 799 1104 871 Quodsi

224 902 254 955 tu
262 898 356 971 judex
370 900 451 956 nullo
464 898 608 973 praesidio
620 898 708 958 tuisse
721 898 858 956 videbere
871 901 974 955 centn
988 897 1056 956 vim
1067 905 1102 957 et

223 995 354 1069 gratiam,
364 996 523 1064 solitudini,
536 1002 623 1071 atque
635 997 752 1071 inopiae
761 1006 778 1053 ε’
789 996 815 1053 si
828 997 904 1069 apud
926 996 984 1054 lroc
994 998 1098 1055 consi·

223 1093 294 1151 lium
307 1111 346 1150 ex
356 1093 468 1166 opibus,
481 1111 541 1152 non
554 1111 593 1151 ex
609 1094 734 1152 veritate
753 1111 841 1152 causa
851 1094 1011 1168 pendetur:
1032 1112 1103 1169 pro-

222 1192 300 1248 lecto
313 1190 386 1249 nihil
411 1196 455 1249 est
473 1192 537 1265 jam
560 1197 693 1250 sanctum
714 1197 800 1268 atque
813 1193 957 1251 sincerum
970 1192 1004 1250 in
1016 1194 1098 1252 civi·

221 1295 281 1347 tate
294 1310 300 1345 :
322 1290 404 1360 nihil,
417 1293 493 1367 quod
508 1292 702 1349 humilitatem
714 1293 892 1367 cujusquam,
904 1291 1034 1365 gravitas
1061 1298 1097 1351 et

222 1387 313 1447 virtus
327 1388 437 1463 judicis
450 1392 624 1448 consoletur.
666 1392 754 1449 Certe
772 1395 823 1447 aut
835 1392 911 1464 apud
925 1394 963 1458 te,
984 1396 1017 1448 et
1030 1408 1098 1461 eos,

219 1489 269 1563 qui
292 1488 346 1547 tibi
359 1491 474 1558 adsunt,
487 1489 595 1547 veritas
619 1490 746 1548 valebit:
767 1493 818 1547 aut
830 1507 869 1546 ex
882 1488 939 1547 huc
962 1490 1031 1547 loco
1045 1508 1094 1549 re·

220 1588 302 1659 pulsa
315 1587 348 1643 vi
367 1593 397 1644 et
417 1588 518 1661 gratis,
531 1590 638 1655 locum,
651 1587 701 1645 ubi
721 1588 872 1656 consistat,
885 1586 1011 1660 reperire
1027 1606 1095 1650 non

188 1700 208 1757 2
220 1684 334 1757 poterit.
373 1683 394 1716 ¹⁰
404 1686 433 1742 N
435 1703 474 1742 on
487 1703 523 1742 eo
536 1685 613 1754 dico,
626 1687 662 1742 0.
679 1686 801 1762 Aquilli,
814 1703 870 1761 quo
890 1684 963 1743 mihi
983 1688 1094 1746 veniat

219 1782 382 1840 indubium
396 1788 444 1841 tua
458 1784 528 1841 fides
542 1789 573 1841 et
585 1785 760 1853 constantia,
774 1790 823 1842 aut
836 1802 892 1859 quo
906 1801 964 1842 non
985 1784 1017 1843 in
1030 1786 1093 1856 his,

218 1880 237 1912 ¹¹
245 1899 315 1957 quos
328 1881 382 1940 tibi
395 1883 556 1951 advocasti,
567 1883 638 1941 viris
652 1884 837 1942 electissimis
850 1882 989 1952 civitatis,
1002 1901 1092 1958 spem

217 1999 357 2041 summam
369 1983 476 2041 habere
491 1984 524 2041 Ρ.
538 1983 674 2055 Quintius
688 1985 803 2042 debeat.
845 1982 924 2055 Quid
936 1999 1006 2057 ergo
1018 1982 1091 2043 est?

217 2080 344 2139 Primum
358 2082 526 2155 magnitudo
539 2082 660 2155 periculi
681 2100 793 2140 summo
813 2082 916 2139 timore
936 2081 1091 2142 hominem

217 2178 315 2245 afficit,
328 2180 404 2251 quod
414 2179 591 2251 unojudicio
604 2182 641 2236 de
651 2181 771 2238 fortunis
785 2181 920 2238 omnibus
933 2181 1087 2240 decernit:

215 2274 301 2351 idque
322 2277 390 2334 dum
403 2275 522 2351 cogitat,
535 2294 594 2334 non
608 2277 703 2335 minus
716 2296 803 2353 saepe
814 2279 843 2338 ei
857 2278 983 2338 venitin
1004 2296 1089 2340 men·

214 2379 274 2434 tem
305 2373 328 2407 ¹²
336 2376 497 2451 potestatis,
523 2395 608 2453 quam
634 2378 788 2454 aequitatis
814 2384 898 2449 tuam
930 2385 1086 2453 propterea

213 2478 289 2550 quod
301 2494 412 2546 omnes,
425 2496 543 2552 quorum
558 2478 590 2536 iu
609 2478 728 2537 alterius
742 2497 828 2537 manu
842 2479 904 2536 vita
918 2479 1011 2553 posita
1025 2485 1085 2550 est,

212 2576 326 2649 saepius
338 2577 411 2634 illud
423 2578 563 2652 cogitant,
577 2579 646 2653 quid
659 2579 749 2652 possit
766 2579 801 2647 is,
815 2581 897 2655 cujus
921 2579 953 2637 in
966 2576 1083 2638 ditione

211 2690 246 2730 ac
261 2677 403 2745 potestate
417 2679 492 2740 sunt,
505 2692 601 2747 quam,
614 2677 682 2748 quid
695 2679 800 2734 debeat
813 2678 919 2735 lacere.
960 2676 1084 2737 Deinde

211 2770 299 2827 habet
309 2769 504 2825 adversarium
519 2770 552 2825 P.
569 2770 704 2840 Quintius
718 2773 809 2827 verbo
824 2775 894 2828 Sex.
910 2775 939 2827 N
941 2775 1081 2848 aevium3

209 2885 240 2925 re
262 2884 341 2934 vera,
355 2866 475 2940 hujusce
488 2865 592 2923 aetatis
605 2865 738 2922 homines
751 2865 964 2932 disertissimos,
990 2866 1011 2898 ¹⁸
1021 2871 1078 2928 lor.

209 2965 344 3033 tissimus,
357 2964 553 3022 ornatissimus
567 2969 683 3022 nostrae
696 2962 845 3020 civitatis:
866 2963 915 3039 qui
928 2974 1078 3030 communi

207 3062 311 3130 studio,
325 3061 443 3119 summis
457 3062 559 3135 opibus
575 3062 646 3118 Sex.
661 3061 809 3120 Naevium
823 3064 989 3122 detendunt.
1004 3065 1030 3123 si
1043 3067 1079 3130 id

235 3215 256 3249 ¹⁰
270 3214 324 3283 Non
336 3229 359 3285 ap
368 3214 434 3283 dicul
450 3213 487 3260 Sic
500 3213 602 3260 absolute
611 3214 667 3284 nlius
676 3230 719 3262 non
726 3216 812 3274 didtrrr,
821 3219 860 3265 ssd
869 3217 959 3266 additur
967 3220 1027 3289 quod
1036 3225 1077 3273 vel

205 3273 378 3328 incantemus
388 3273 448 3333 qurd.
479 3273 583 3319 Fortasse
590 3274 644 3320 tm:
660 3274 692 3321 Id
704 3291 750 3322 nasa
767 3292 789 3322 co
798 3279 860 3325 dico.-
875 3277 984 3340 absorpsrt
999 3293 1027 3324 ue
1044 3281 1074 3330 ia

204 3331 489 3450 fflffl‚pmfflfflffl'
516 3332 687 3380 UrsinusinMs
705 3336 837 3398 reperitote
842 3354 853 3394 ;
867 3336 981 3384 instes*
1020 3339 1072 3388 enb.

232 3469 252 3502 ¹¹
266 3483 318 3529 quor
327 3467 369 3514 tili
378 3469 494 3531 udmmrti]
511 3485 533 3517 v.
544 3470 609 3517 clav,
620 3470 763 3520 inudoomrs.

231 3549 254 3582 ¹²
265 3545 391 3609 potaculis]
407 3547 451 3595 Ed.
459 3549 496 3596 W.
507 3549 541 3597 cis
547 3550 663 3606 morum.

230 3627 253 3661 ¹³
258 3626 413 3687 fortissimo]
444 3627 598 3676 Hotomannus
607 3629 699 3688 corrigit
710 3629 879 3690 florentinium
888 3655 895 3680 .·
910 3649 960 3683 narn
968 3636 1071 3692 fortissi-

201 3699 297 3734 ”utnon
305 3691 427 3747 saneuptcs
435 3685 486 3732 huic
494 3688 546 3733 loco
554 3701 601 3733 esse
614 3707 619 3733 ι
630 3689 699 3735 sedid
708 3690 764 3736 nihil
782 3691 857 3738 differt
865 3693 895 3739 ab
912 3695 1067 3756 mauranus,

202 3755 244 3802 pro
258 3761 303 3808 quo
310 3751 388 3792 tamen
397 3744 434 3791 ed.
445 3745 482 3790 W.
491 3745 561 3792 habet
568 3746 773 3796 honorandissime.
784 3751 857 3798 voluit
865 3753 921 3800 dare
929 3753 1068 3803 dmmtr'ssr'ss

133 3758 247 4108 >aaut
256 3824 263 3851 .·
278 3805 337 3868 quod
345 3818 398 3853 sane
406 3804 464 3852 bene
472 3803 572 3868 patronis
580 3805 663 3854 Naevii
672 3807 783 3855 cmvenit,
