2700 4675
575 546 753 599 nrvrusrro.
1033 554 1087 611 151

221 696 301 753 tione
315 693 468 768 prospicio,
477 711 551 769 quae
565 700 627 754 tum
640 696 735 753 studia
745 693 903 761 hominum,
915 692 965 767 qui
975 709 1096 751 concurr

204 809 269 854 xaus
280 791 368 848 luturl
379 790 455 848 sint:
470 798 608 866 quantam
616 791 866 864 exspectationem
876 790 1094 863 magnitudoju·

225 889 300 946 dicii
310 888 348 945 sit
359 890 497 946 allatura:
511 894 648 962 quantam
659 889 820 946 auditomm
833 886 1047 945 multitudinem
1058 887 1094 946 G.

224 987 329 1042 Verris
344 986 463 1043 infamia
471 986 651 1044 concitatum
663 1005 670 1040 ε
691 991 824 1060 quantam
838 984 964 1059 denique
977 985 1094 1043 audien-

223 1083 298 1140 tiam
308 1083 433 1141 orationi
453 1100 535 1141 meae
554 1084 721 1157 improbitas
746 1083 823 1140 illius
847 1082 967 1141 factura.
1010 1084 1093 1155 Quae

227 1197 297 1237 oum
314 1181 419 1255 cogito,
427 1181 490 1254 jam
511 1199 587 1239 nunc
609 1181 705 1249 timeo,
719 1181 855 1255 quidnam
870 1199 920 1254 pro
932 1182 1092 1242 offensione

227 1277 385 1346 hominum,
398 1279 446 1353 qui
459 1280 503 1337 illi
513 1279 625 1336 inimici
639 1280 802 1353 infensique
813 1284 889 1346 sunt,
902 1284 933 1335 et
943 1284 1093 1353 exspecta·

224 1374 304 1433 tione
325 1377 462 1446 omnium,
476 1382 507 1435 et
529 1378 729 1451 magnitudine
751 1394 845 1433 rerum
864 1377 984 1449 dignum
997 1377 1094 1450 eloqui

222 1475 338 1548 possim.
380 1475 430 1533 uu
443 1477 545 1533 horum
559 1475 633 1532 nihil
647 1472 762 1541 metuis,
781 1473 855 1531 nihil
879 1473 998 1546 cogitas,
1020 1472 1093 1529 nihil
1155 1501 1158 1506 ,

221 1571 355 1631 laboras?
375 1578 407 1631 et
420 1573 445 1629 si
459 1573 527 1647 quid
542 1591 581 1629 ex
600 1577 701 1630 vetere
722 1572 817 1646 aliqua
830 1572 969 1639 oratione,
989 1589 1096 1629 rovnrr

221 1687 284 1728 noo
308 1689 452 1729 orrrrruru
473 1688 640 1728 naxrnun:
662 1675 720 1738 aut,
734 1688 870 1736 vennam,
892 1688 920 1726 s1
941 1687 1027 1727 eruar
1042 1688 1092 1727 ro·

222 1786 368 1837 rurssnr,
381 1788 528 1827 sumens:
549 1773 600 1826 out
612 1768 721 1843 aliquid
735 1767 884 1840 ejusmodi,
899 1769 1030 1825 ediscere
1044 1786 1095 1841 po·

222 1866 321 1933 tueris,
343 1869 491 1939 praeclare
514 1870 545 1922 te
566 1871 697 1939 paratum
723 1866 755 1921 in
775 1864 919 1937 judicium
939 1872 1092 1924 venturum

225 1960 396 2021 arbitraris?

268 2059 327 2126 Ao,
347 2060 373 2116 si
393 2058 448 2116 tibi
469 2075 555 2116 nemo
578 2074 762 2131 responsurus
787 2062 872 2126 esset,
891 2063 987 2116 tamen
1002 2058 1094 2132 ipsam

231 2173 357 2225 causam,
380 2162 412 2214 ut
438 2174 493 2231 ego
519 2155 646 2224 arbitror,
673 2158 869 2213 demonstrare
898 2174 957 2214 non
984 2176 1092 2231 posses

226 2256 257 2313 N
260 2273 316 2312 unc
331 2274 368 2312 ne
381 2255 453 2313 illud
466 2254 582 2329 quidem
594 2255 714 2329 cogitas,
729 2255 781 2312 tibi
795 2273 861 2313 cum
875 2256 992 2314 homine
1005 2256 1093 2314 diser·

225 2354 345 2424 tissimo,
354 2359 384 2412 et
397 2356 434 2412 ad
445 2355 601 2413 dicendum
615 2355 804 2428 paratissimo,
818 2355 941 2412 futurum
954 2373 1018 2412 esse
1032 2372 1093 2412 oer-

222 2457 337 2511 tamen:
357 2453 473 2527 quicum
499 2454 585 2510 modo
608 2452 815 2518 disserendum,
835 2453 921 2508 modo
948 2452 1029 2508 omni
1052 2468 1105 2515 rar

223 2551 305 2608 tione
318 2551 504 2623 pugnandum
524 2549 749 2620 certandumque
762 2545 822 2603 sit?
842 2547 933 2619 Cujus
947 2565 1002 2621 ego
1015 2547 1094 2620 inge·

223 2648 306 2707 nium
318 2647 360 2703 ita
373 2648 468 2712 laudo,
480 2651 582 2702 utnon
596 2644 807 2717 pertimescam,
828 2644 870 2701 ita
883 2648 982 2718 probo,
1000 2653 1032 2704 ut
1046 2664 1093 2704 me

224 2748 263 2804 ab
276 2762 317 2826 'eo
341 2743 481 2801 delectari
504 2741 627 2809 facilius,
650 2759 735 2815 quam
756 2742 853 2815 decipi
874 2748 974 2815 putem
998 2763 1091 2818 posse.

225 2845 392 2919 Numquam
403 2842 454 2900 ille
475 2860 521 2900 me
541 2840 685 2915 opprimet
707 2840 847 2897 consilio:
867 2859 1021 2916 numquam
1034 2847 1145 2917 u11014

225 2942 348 3000 artificio
369 2945 535 3014 pervertet:
551 2956 709 3015 numquam
731 2939 850 3012 ingenio
873 2958 919 2997 me
944 2958 995 2998 suo
1018 2944 1093 2998 labe·

223 3040 331 3097 iactare
342 3044 427 3114 atque
440 3037 462 3070 ²³
474 3039 618 3096 infirmare
628 3037 790 3094 conabitur.
805 3039 876 3095 novi
890 3057 990 3096 omnes
1004 3040 1093 3097 homi-

223 3137 270 3194 nis
291 3137 444 3210 petitiones
466 3137 648 3211 rationesque
672 3135 805 3193 dicendi:
826 3154 913 3210 saepe
933 3138 964 3195 in
978 3138 1091 3207 iisdem,

223 3252 311 3305 saepe
334 3235 366 3290 in
390 3234 539 3297 contrariis
553 3235 647 3292 causis
662 3236 770 3292 versati
784 3252 889 3292 sumus.
930 3237 976 3293 lta
989 3243 1091 3294 contra

224 3349 274 3389 me
297 3328 347 3386 ille
372 3329 458 3396 dicet,
479 3332 611 3403 quamvis
635 3332 673 3388 sit
685 3332 861 3404 ingeniosus,
876 3338 908 3390 ut
921 3339 1090 3393 nonnullum

225 3427 318 3485 etiam
331 3427 368 3482 de
382 3444 433 3485 suo
456 3428 576 3500 ingenio
592 3428 736 3499 judicium
758 3430 821 3487 fieri
840 3431 998 3489 arbitretur.
1041 3434 1090 3487 'I'e

223 3541 307 3590 vero,
322 3523 695 3599 Caecili,·quemadmodum
709 3526 747 3583 sit
759 3529 895 3596 elusurus,
908 3547 993 3603 quam
1009 3526 1090 3585 omui

222 3621 510 3694 rationejaetaturus,
525 3621 626 3679 videre
635 3621 698 3695 jam
713 3623 830 3682 videor:
845 3627 957 3700 quoties
971 3626 1021 3682 ille
1036 3621 1090 3678 tibi

253 3777 278 3809 ²³
291 3776 412 3836 infirnrure
422 3774 553 3837 nodedun]
569 3774 726 3837 Accipiendum
737 3778 779 3824 hoc
804 3792 829 3824 er
838 3778 988 3838 pleonasmum
998 3772 1093 3826 dietum,-

222 3833 360 3940 &will
368 3848 442 3895 ¹³⁰1*
456 3847 508 3881 Μ
517 3837 614 3893 ww.
625 3833 662 3895 qui
675 3835 764 3898 proprie
813 3837 868 3891 itur,
882 3848 928 3881 nou
945 3831 1014 3880 detuit
1029 3828 1102 3887 Hor·-¹
