2700 4675
478 569 550 619 scr.
567 566 597 617 rr.
613 566 712 617 arnna
732 564 865 615 narrans.
1034 563 1098 626 248

221 730 292 775 sum
319 732 354 774 ae
378 716 527 775 mediocre
553 717 643 789 objici
671 714 746 772 nihil
769 714 910 785 oporteat
965 708 1044 766 Nam
1067 712 1100 766 ut

221 822 337 888 praetor
349 816 443 871 lactus
457 821 512 882 est,
530 812 600 888 ³qui
613 813 765 885 auspicato
778 828 796 866 a
810 808 976 866 Chelidone
990 823 1100 863 surrex·

226 912 307 981 isset,
321 919 429 970 sortem
443 918 545 969 nactus
558 917 603 968 est
616 914 743 967 urbanae
763 906 943 982 provinciae,
957 904 1049 977 magia
1063 921 1101 961 ex

229 1028 281 1068 sua
303 1016 332 1068 et
343 1010 526 1075 Chelidonis,
534 1026 620 1082 quam
633 1026 670 1065 ex
686 1006 784 1079 populi
800 1004 925 1063 Romani
939 1006 1100 1060 voluntate.

228 1110 276 1183 qui
298 1109 450 1182 principio,
474 1107 565 1183 qualis
592 1108 623 1165 in
651 1106 749 1163 edicto
775 1104 980 1162 constituendo
1007 1101 1101 1168 luerit,

229 1207 407 1280 cognoscite.
435 1208 470 1263 P.
487 1206 602 1264 Annius
614 1206 732 1263 Asellus
747 1209 872 1260 mortuus
886 1207 939 1269 est,
952 1202 986 1259 0.
999 1202 1102 1258 Sacer·
1113 1214 1152 1273 41

228 1306 295 1360 dote
309 1310 449 1377 praetore.
495 1306 525 1361 ls
539 1321 605 1363 cum
629 1305 749 1360 baberet
773 1301 890 1359 unicam
905 1299 1004 1365 liliam,
1035 1298 1104 1355 ⁴ne-

229 1420 284 1476 que
298 1419 403 1461 census
427 1409 522 1473 esset;
542 1405 619 1477 quod
643 1420 710 1459 eum
732 1408 835 1458 natura
856 1401 1030 1464 hortabatur,
1054 1400 1104 1454 lex

228 1503 309 1558 nulla
328 1503 508 1575 prohibebat,
523 1501 603 1567 lecit,
616 1506 648 1557 ut
669 1501 760 1557 lilium
782 1498 864 1555 bonis
887 1497 945 1555 suis
966 1498 1103 1554 heredem

228 1599 401 1657 institueret
444 1600 537 1656 llere's
551 1604 614 1655 erut
626 1599 695 1656 ulia.
724 1599 888 1655 Faciebant
900 1597 998 1654 omnia
1016 1594 1103 1653 ‘cnm

224 1698 429 1773 ·pupilln‚legis
444 1698 582 1773 aequitas,
599 1697 842 1770 voluntaspatris‚
870 1696 968 1753 edicta
991 1701 1101 1768 praeto·

230 1813 303 1863 rum,
317 1798 494 1853 consuetudo
510 1798 583 1870 juris
605 1797 675 1869 ejus,
689 1798 765 1871 quod
779 1802 842 1852 erat
856 1802 926 1863 tum,
938 1813 1005 1852 cum
1017 1796 1101 1852 Asel·

228 1895 274 1951 lus
300 1900 344 1951 est
374 1903 509 1952 mortuus.
565 1896 635 1961 lete,
662 1901 776 1965 praetor
801 1894 967 1965 designatus
993 1890 1101 1968 (utrum

227 1993 403 2059 admonitus,
417 2010 455 2048 an
470 1996 606 2057 tentatus,
620 2008 667 2055 an,
682 2009 737 2064 qua
757 1998 801 2047 est
824 1992 878 2046 isle
893 1991 1052 2063 sagacitate
1067 1991 1099 2047 in

225 2089 272 2147 bis
287 2091 380 2155 rebus,
394 2089 457 2146 sine
481 2091 556 2147 duce
578 2090 647 2156 ullo,
661 2089 725 2146 sine
744 2089 854 2157 indice,
876 2090 1042 2161 pervenerit
1062 2087 1100 2145 nd

223 2188 302 2245 banc
316 2187 537 2261 improbitatem,
554 2189 671 2245 nescio:
695 2206 748 2245 vos
771 2193 883 2246 tantum
904 2187 1029 2246 bominis
1051 2206 1099 2247 au·

223 2286 338 2345 daciam
365 2287 578 2362 amentiamque
606 2285 789 2366 cognoscite)
810 2291 938 2362 appellat
962 2290 1099 2347 heredem

228 2385 265 2444 L.
282 2386 423 2452 Annium,
436 2387 485 2460 qui
499 2395 561 2443 erat
571 2386 718 2443 institutus
738 2390 899 2444 secundum
913 2389 1018 2456 liliam3
1039 2407 1098 2445 non
1138 2372 1142 2382 ¹

224 2484 305 2542 enim
319 2485 391 2541 mibi
405 2486 599 2556 persuadetur,
610 2485 697 2539 istum
708 2485 806 2540 abillo
818 2485 894 2556 prius
908 2487 1098 2558 appellatum3

223 2582 307 2648 dicit,
321 2600 353 2638 se
368 2599 451 2653 posse
465 2581 494 2637 ei
503 2582 669 2637 condonare
680 2581 779 2639 edicto
788 2582 997 2651 hereditatem
1011 2584 1099 2642 docet

224 2678 385 2742 bominem,
399 2679 467 2753 quid
483 2676 572 2751 possit
592 2677 662 2734 lieri.
704 2680 752 2736 llli
769 2681 844 2737 bona
857 2699 911 2746 res,
922 2681 989 2740 huic
999 2683 1099 2740 vendi·

223 2777 293 2836 bilis
309 2776 470 2834 videbatur.
513 2778 581 2841 lste,
602 2777 718 2834 tametsi
739 2778 878 2852 singulari
901 2788 946 2836 est
967 2782 1098 2850 audacia,

225 2880 326 2933 umen
353 2877 390 2933 ad
415 2876 542 2949 pupillae
574 2881 696 2932 matrem
733 2877 938 2934 summittebat.
972 2881 1098 2936 malebat

223 2975 378 3048 pecuniam
392 2974 536 3048 accipere,
556 2992 594 3031 ne
615 2975 683 3048 quid
704 2974 776 3031 novi
796 2975 933 3043 ediceret,
957 2996 1042 3052 quarn
1067 2984 1097 3038 ut

183 3064 193 3089 ¹
225 3072 283 3132 boc
297 3075 425 3133 anetum
439 3081 498 3132 tarn
511 3075 672 3147 improbum
683 3078 714 3130 et
727 3075 915 3132 inhumanum
934 3078 1096 3153 interpone-

227 3224 852 3356 ewldellltlldlmbilif
881 3232 1096 3350 ”turbiue

226 3355 313 3388 morem
329 3346 496 3398 magistratuum
511 3347 637 3404 wsprmndr
653 3351 717 3392 extra
731 3346 868 3408 pomoerium
886 3347 908 3393 in
924 3349 1032 3395 tentorio:
1058 3353 1095 3410 qui

226 3397 349 3466 auspicium
368 3412 389 3467 e·
411 3403 517 3455 ectanms,
534 3415 583 3447 enm
598 3417 676 3448 vocem
692 3404 739 3450 avis
755 3405 840 3451 faustae
849 3405 967 3464 audissent,
977 3409 1095 3467 surgebant

224 3463 310 3507 rtatim.
320 3460 345 3501 et
354 3455 382 3501 ab
405 3463 444 3503 ant
453 3459 579 3519 extemplo.
612 3459 662 3506 Hoc
671 3467 722 3506 erat
731 3464 840 3520 raptem
849 3478 946 3523 surgere.

255 3534 267 3567 ⁴
281 3535 506 3597 momentanei]
523 3551 544 3582 v.
558 3537 605 3583 lnd.
617 3537 836 3597 legg.inVoeonia.

253 3613 265 3647 ⁵
280 3627 331 3683 eum
346 3613 454 3682 pupilla]
485 3613 595 3662 Graevius
603 3615 675 3662 edidit
690 3619 766 3673 puella
780 3633 794 3664 e
813 3620 938 3668 Pnsciano:
954 3622 1013 3682 quod
1030 3622 1092 3669 nulls

219 3677 302 3724 nitens
312 3676 395 3717 mentio
405 3675 445 3718 est.
476 3671 535 3719 Mox
544 3686 580 3719 res
587 3674 682 3721 refertur
690 3675 720 3721 ad
729 3691 817 3725 sexum:
833 3681 871 3726 sed
881 3680 950 3726 etiam
959 3695 1008 3725 mor
1015 3681 1092 3736 pupil-

221 3735 247 3781 ια
256 3746 306 3801 eum
315 3734 385 3776 matre
394 3730 537 3790 conjungitm.
570 3730 628 3802 Mox
642 3732 702 3780 idem
710 3735 782 3783 edidit
791 3739 854 3797 legra,
863 3739 966 3798 namus,
976 3751 1003 3782 ex
1012 3739 1090 3785 eodem

223 3790 344 3860 Fusciano.
367 3803 448 3850 nempe
462 3803 506 3836 non
521 3791 651 3852 respiciebat
668 3793 839 3842 concinnitatem
858 3796 971 3849 orationis,
987 3809 1044 3856 quae
1057 3797 1090 3844 ita

222 3848 318 3904 lebrr.
335 3862 386 3901 mn
395 3851 472 3907 cetera
482 3849 582 3899 membra
589 3851 664 3903 omma
673 3857 745 3903 srmte
753 3855 839 3904 duobus
848 3853 995 3905 ubstantiria
