2700 4675
562 562 739 613 aursana.
1032 564 1093 626 139

225 710 312 769 sociis
325 707 492 785 exterisque
504 709 671 770 nationibus
683 708 809 783 optatius
831 724 897 765 esse
923 705 1023 779 possit,
1046 710 1097 764 aut

226 807 315 865 saluti
326 807 502 881 fortunisque
516 807 645 865 omnium
664 806 757 880 magis
777 805 1027 863 accommodatum
1039 801 1097 861 sit?

228 904 400 978 Populatae,
413 908 549 970 vexatae,
570 904 699 960 funditus
712 921 832 960 eversae
845 902 1034 976 provinciae:
1055 919 1098 959 so·

226 1002 277 1069 cii,
291 1000 530 1075 stipendiariique
543 1000 643 1075 populi
656 1001 781 1058 Romani
795 1000 905 1068 afflicti,
919 1000 1026 1069 miseri,
1033 1000 1099 1074 jam

228 1115 291 1156 non
304 1099 404 1156 salutis
418 1116 508 1173 spem,
522 1100 574 1156 sed
586 1098 671 1156 exitii
693 1098 827 1157 solatium
848 1102 996 1173 quaerunt.
1040 1096 1099 1171 Qui

224 1194 340 1269 judicia
352 1214 469 1255 manere
478 1198 553 1271 apud
566 1197 696 1254 ordinem
709 1197 885 1254 senatorium
899 1198 1012 1265 volrmt,
1031 1214 1098 1272 que·

228 1298 336 1363 runtur,
349 1300 529 1354 accusatores
544 1313 575 1353 se
589 1296 711 1353 idoneos
725 1312 785 1353 non
798 1296 915 1352 habere.
940 1295 990 1370 qui
1014 1311 1098 1353 accu-

227 1407 292 1449 sare
324 1399 453 1467 possunt,
486 1394 666 1468 judiciorum
698 1393 888 1450 severitatem
921 1392 1098 1449 desiderant.

228 1489 355 1563 Populus
370 1493 519 1549 Romanus
532 1492 654 1558 interea,
668 1490 785 1547 tametsi
798 1491 897 1547 multis
908 1489 1100 1548 incommodis

221 1588 496 1665 difficultatibusque
510 1590 629 1648 affectus
654 1594 710 1656 est,
731 1593 831 1646 tamen
851 1588 925 1645 nihil
948 1605 1041 1661 aeque
1065 1586 1099 1645 iu

223 1687 374 1760 republica
387 1691 474 1762 atque
486 1687 568 1746 illam
585 1692 714 1745 veterem
733 1686 912 1760 judiciorum
926 1685 988 1743 vim
1001 1685 1097 1759 gravi·

225 1789 373 1859 tatemqus
399 1785 526 1861 requirit.
567 1786 750 1843 iudiciorum
776 1784 920 1842 desiderio
941 1784 1097 1842 tribunicia

226 1886 356 1955 potestas
369 1883 528 1956 efflagitata
540 1888 600 1939 est:
615 1884 792 1955 judiciorum
806 1883 929 1939 levitate
948 1883 1019 1939 ordo
1031 1900 1098 1956 quo·

227 1995 284 2053 qus
296 1979 370 2035 alius
384 1979 421 2036 ad
435 1996 482 2034 res
489 1978 663 2049 judicandas
674 1981 852 2050 postulatur:
866 1979 1001 2050 judicum
1014 1981 1100 2051 culpa

229 2079 317 2149 atque
337 2076 480 2133 dedecore
504 2074 593 2132 etiam
618 2076 782 2132 censorium
795 2092 911 2143 nomen,
924 2075 1000 2150 quod
1020 2092 1101 2149 aspe-

227 2173 290 2231 rius
303 2179 391 2232 antea
404 2175 510 2248 populo
523 2173 615 2232 videri
631 2176 753 2242 solebat,
774 2174 805 2232 id
827 2190 905 2231 nunc
918 2173 1055 2248 poscitur,
1068 2173 1099 2231 id

219 2272 287 2348 jam
301 2275 437 2348 populare
457 2278 542 2349 atque
552 2273 705 2347 plausibile
718 2273 827 2331 sactum
841 2277 894 2330 est.
936 2274 973 2331 ln
997 2273 1053 2330 bac
1066 2270 1099 2329 li·

223 2373 325 2431 bidine
340 2372 499 2447 hominum„
509 2373 789 2440 nocentissimorum,
802 2373 835 2429 in
856 2371 956 2445 populi
971 2370 1098 2428 Romani

225 2470 396 2545 quotidiana
407 2470 598 2544 querimonia,
605 2469 784 2542 judiciorum
803 2469 935 2535 infamia,
955 2468 1044 2524 totius
1057 2484 1101 2525 or·

225 2566 305 2625 dinis
318 2567 489 2635 offensione,
501 2583 569 2623 cum
581 2567 638 2622 boc
657 2584 747 2623 unum
768 2565 814 2621 his
838 2569 882 2621 tot
907 2564 1101 2622 incommodis

227 2663 390 2723 remedium
403 2680 468 2720 esse
482 2663 643 2730 arbitrarer,
656 2667 690 2719 ut
702 2661 835 2719 homines
849 2661 948 2719 idonei
961 2667 1047 2738 atque
1057 2663 1100 2720 iu·

229 2761 306 2836 tegri
319 2777 438 2818 oausam
451 2759 628 2832 reipublicae
641 2761 792 2834 legumque
812 2760 1009 2834 susciperent:
1030 2761 1101 2819 late·

226 2876 270 2927 or,
281 2877 338 2927 me,
353 2859 454 2916 salutis
467 2857 597 2916 omnium
609 2875 707 2925 causa,
715 2859 753 2915 ad
763 2874 829 2915 eam
841 2862 952 2930 partem
962 2859 1101 2916 accessis·

229 2976 263 3016 se
276 2957 455 3030 reipublicae
467 2957 676 3024 sublevandae,
690 2973 763 3030 quae
782 2953 929 3012 ⁶maxime
949 2955 1099 3014 laboraret.

229 3057 329 3123 Nunc,
353 3056 499 3131 quoniam,
525 3055 628 3130 quibus
649 3057 732 3111 rebus
759 3054 899 3111 adductus
922 3053 960 3110 ad
981 3071 1100 3113 causam

229 3154 415 3221 accesserim,
428 3153 635 3221 demonstravi,
648 3153 804 3212 dicendum
818 3152 983 3211 necessario
1003 3159 1048 3212 est
1060 3156 1098 3213 de
1192 3219 1194 3222 ,

229 3251 419 3308 contentione
447 3259 553 3320 nostra,
580 3256 613 3309 ut
638 3252 670 3309 in
690 3251 893 3310 constituendo
922 3258 1099 3324 accusatore,

230 3348 302 3424 quid
316 3348 397 3421 sequi
411 3349 534 3420 possitis,
549 3350 691 3407 habeatis.

272 3445 338 3517 Ego
348 3443 392 3502 sic
405 3445 682 3520 intelligojudices:
701 3464 768 3504 cum
777 3448 814 3504 de
824 3447 956 3521 pecuniis
966 3453 1103 3522 repetun-v

230 3543 279 3602 dis
299 3559 406 3601 nomeu
418 3543 577 3617 cujuspiam
589 3543 741 3613 deleratur,
754 3545 780 3602 si
793 3551 939 3603 certamen
959 3546 1035 3697 iu?
1047 3544 1099 3600 ali·

229 3636 303 3719 quos
317 3641 365 3709 sit,
379 3640 428 3698 cui
451 3641 631 3714 potissimum
655 3642 763 3700 delatio
786 3644 878 3711 detur,
899 3645 974 3701 haec
1017 3656 1055 3696 no
1067 3639 1100 3697 iu

259 3795 383 3842 “maxims
403 3795 530 3902 bbqardfl
561 3793 668 3866 Graevius
685 3797 784 3847 malebat
802 3811 816 3845 e
834 3796 883 3847 Ma.
910 3795 990 3843 Fraus.
1010 3789 1097 3837 laboret.

229 3855 298 3903 male.
330 3855 514 3904 Pendstenrms
536 3867 651 3905 wasme.
