2700 4675
437 552 509 605 Ac'r.
527 555 557 604 ii.
572 553 670 604 muna
684 551 859 603 SFAEUNDUB.
1021 556 1083 615 341

221 697 348 757 maxime
370 700 457 759 tidem
480 719 593 759 suarum
615 716 710 759 rerum
733 701 848 766 babeat,
869 696 997 756 maxims
1017 696 1088 754 curi

220 798 339 870 deligit:
360 806 390 859 et
405 804 519 872 propter
538 798 768 873 magnitudinem
789 795 939 870 potestatis
960 793 1009 851 bic
1029 812 1088 851 ma·

221 895 357 970 gistratus
371 899 506 970 apoputo
518 914 631 955 summa
644 896 802 954 ambitione
816 894 1009 952 contenditur.
1051 894 1087 950 In

220 1010 257 1050 ea
271 1011 301 1049 re
316 994 372 1051 iste
385 994 458 1052 uibit
469 996 591 1052 obscure
603 994 700 1074 iacere
714 994 815 1061 votuit,
827 1012 884 1051 non
895 994 927 1049 in
937 991 1088 1049 sortitione

221 1090 331 1157 tattere,
342 1110 435 1166 neque
448 1093 511 1149 dies
525 1094 562 1149 de
575 1092 656 1149 tastis
666 1092 804 1149 eximere.
825 1092 899 1150 uibit
914 1108 985 1148 sane
996 1090 1088 1157 vaire,

221 1202 277 1246 uec
293 1190 436 1248 malitiose
451 1190 546 1250 iacere
561 1195 683 1248 conatus
696 1196 756 1249 est:
777 1192 838 1258 sed,
853 1195 885 1247 ut
901 1189 997 1246 studia
1009 1187 1090 1260 cupi·

222 1286 383 1360 ditatosque
414 1290 552 1346 bonorum
578 1293 663 1363 atque
691 1289 864 1346 ambitiones
890 1306 928 1344 ex
955 1286 1088 1342 omnibus

221 1384 393 1442 civitatibus
417 1388 540 1453 tolleret,
558 1403 633 1461 quae
654 1404 700 1443 res
719 1386 896 1443 evertendae
913 1383 1089 1455 reipublicae

222 1482 319 1539 soient
331 1500 404 1549 esse,
418 1484 555 1550 ostendit,
569 1484 679 1547 sesein
692 1483 825 1540 omuibus
838 1481 1007 1539 civitatibus
1020 1498 1089 1538 cen·

222 1582 531 1662 soresessetacturum.
574 1581 674 1638 'Panto
684 1588 810 1638 mercatu
819 1580 957 1653 praetoris
967 1579 1089 1648 indicto,

222 1680 402 1736 concurritur
429 1680 554 1753 undique
575 1680 613 1736 ad
639 1679 727 1736 istum
752 1680 919 1752 Syracusas.
951 1678 1089 1751 flagrabat

183 1787 186 1792 ’
224 1777 324 1834 domm
339 1783 399 1836 tota
423 1779 564 1850 praetoria
584 1778 679 1836 studio
699 1778 848 1836 hominum
870 1783 901 1834 et
914 1777 1088 1849 cupiditate:

224 1893 281 1933 nec
294 1876 406 1942 mirum,
425 1877 557 1933 omnibus
579 1876 706 1932 comitiis
729 1881 772 1931 tot
792 1875 946 1932 civitatum
957 1890 1044 1929 unam
1057 1874 1090 1930 iu

223 1973 341 2030 domum
376 1972 530 2038 revocatis,
557 1976 694 2044 tantaque
726 1970 885 2028 ambitione
919 1968 1089 2041 provinciae

223 2071 312 2127 totius
325 2069 425 2126 inuno
439 2068 575 2126 cubicuto
587 2068 708 2125 iuctusa.
749 2066 909 2142 Exquisitis
922 2069 1018 2139 putam
1028 2084 1090 2138 prc-

224 2167 282 2234 tiis,
296 2172 326 2223 et
340 2166 548 2225 licitationibus
561 2166 653 2234 tactis,
664 2166 847 2224 describebat
859 2183 995 2224 censores
1006 2164 1089 2222 binos

223 2265 255 2322 in
278 2263 405 2338 singutas
426 2265 562 2322 civitates
589 2265 803 2324 Timarchides.
855 2266 885 2322 ls
908 2282 960 2322 suo
983 2266 1114 2332 labore,

223 2365 337 2438 suisque
350 2365 575 2431 accessionibus,
589 2365 672 2436 hujus
695 2365 804 2436 negotii
818 2369 904 2437 atque
923 2364 1018 2435 operis
1031 2380 1091 2420 mo·

223 2463 309 2521 lestis
322 2464 559 2534 consequebatur,
575 2465 607 2515 ut
620 2461 656 2516 ad
667 2461 753 2515 istum
766 2460 830 2515 sine
843 2462 903 2515 utta
920 2458 1090 2516 sollicitudi-

223 2579 273 2626 ne,
283 2576 394 2614 summa
408 2558 530 2630 pecunia
541 2556 699 2613 referretur.
740 2558 808 2612 Jam
822 2555 870 2612 bic
885 2555 1090 2613 Timarchides

223 2659 361 2732 quantum
381 2654 534 2728 pecuniam
557 2653 668 2721 iecerit,
690 2655 777 2726 plane
798 2654 892 2710 adhuc
913 2670 1096 2726 cognoscere¹

223 2772 284 2814 non
294 2752 442 2825 potuistis:
464 2757 653 2810 veruntamen
665 2751 757 2825 priore
768 2751 894 2818 actione,
903 2769 989 2826 quam
1000 2750 1091 2819 varie,
1112 2823 1116 2830 Ι

224 2869 310 2930 quam
324 2851 452 2924 improbe
466 2852 618 2923 praedatus
640 2855 726 2917 esset,
740 2852 892 2907 multorum
911 2867 950 2906 ex
964 2849 1091 2908 testimo·

224 2951 282 3010 uiis
298 2948 486 3024 cognovistis.

266 3050 335 3116 Sed,
349 3066 388 3105 ue
401 3046 554 3114 miremini,
567 3063 624 3121 qua
643 3046 756 3104 ratione
773 3045 822 3102 bic
842 3050 953 3103 tantum
966 3047 1042 3120 apud
1055 3046 1091 3105 is·
1101 3055 1148 3116 54

227 3152 289 3205 tum
304 3147 422 3204 tibertus
445 3145 578 3220 potuerit,
601 3163 745 3219 exponam
769 3143 853 3201 vobis
875 3146 1010 3214 breviter,
1024 3148 1093 3221 quid

226 3243 351 3302 bominis
365 3245 403 3302 sit
415 3265 422 3300 z
442 3250 474 3301 ut
488 3250 517 3302 et
540 3245 623 3303 istius
647 3243 815 3319 nequitiam,
835 3243 884 3318 qui
898 3243 980 3301 ittum
994 3263 1094 3303 secum

227 3343 369 3409 habuerit,
391 3359 427 3398 eo
449 3343 616 3414 praesertim
636 3360 755 3399 numero
767 3359 803 3399 ac
817 3344 890 3409 ioco,
904 3348 934 3398 et
947 3343 1094 3399 catamitu-

227 3444 288 3496 tem
310 3423 480 3512 provinciae
502 3438 694 3512 cognoscatis.
737 3440 772 3496 ln
786 3441 937 3496 mulierum
950 3444 1093 3510 corrupte·

227 3538 273 3605 lis,
286 3543 316 3593 et
329 3538 360 3595 in
370 3538 451 3595 omni
461 3537 604 3609 ejusmodi
615 3536 728 3593 luxuria
741 3544 826 3610 atque
839 3537 976 3611 nequitia,
989 3537 1093 3595 naban·

227 3689 323 3735 alterum
332 3692 417 3736 temere
432 3688 536 3745 servavit,
552 3689 607 3736 dicit
621 3702 650 3736 ue
665 3702 713 3734 eme
727 3687 750 3735 in
764 3689 816 3736 edd.
826 3690 885 3736 Vict.
896 3687 962 3734 Mau.
973 3691 1016 3734 etc.
1032 3689 1097 3750 quor}

225 3748 306 3795 falsum
315 3753 356 3795 est.
368 3762 408 3794 nec
417 3762 494 3796 verum
503 3753 544 3804 est,
555 3749 611 3795 Lam
628 3747 633 3758 '
651 3762 687 3794 um
695 3747 789 3796 edidisse
798 3749 876 3797 eodem
886 3746 960 3794 modo.
990 3747 1046 3795 Tris
1055 3748 1091 3796 cd.

226 3807 273 3866 ejus
282 3806 477 3867 exemplatasbem
493 3806 517 3855 iu
526 3806 588 3857 nullo
597 3810 637 3855 est.

265 3905 336 3946 rou.
352 3905 393 3945 rv.
670 3884 738 3945 31²¹*
