2700 4675
446 603 510 653 ruo
526 601 594 653 anx.
610 601 726 653 uoscro
740 600 905 650 nnnnruo.
1064 604 1106 664 63

232 752 274 816 ui,
287 748 447 823 siquando
463 751 594 810 auditum
615 750 662 819 sit,
678 750 807 823 portenti
825 765 861 806 ac
874 746 998 821 prodigii
1012 746 1107 805 simile

233 852 417 905 numeretur:
437 846 459 880 ¹⁵
469 850 572 923 quibus
587 850 706 906 tandem
723 852 763 915 te,
772 846 808 905 O.
823 844 921 913 Eruci,
931 845 1108 918 argumentis

232 949 435 1002 accusatorem
445 963 550 1003 censes
560 946 603 1004 uti
613 942 768 1019 oportere?
789 945 897 1002 Nonne
911 949 941 1001 et
957 943 1109 1001 audaciam

236 1041 309 1115 ejus,
323 1042 417 1116 quiin
431 1043 542 1101 crimen
556 1049 686 1112 vocetur,
698 1043 873 1118 singularem
884 1044 1036 1100 ostendere
1048 1061 1057 1112 ;
1078 1047 1109 1100 et

235 1158 331 1199 mores
353 1140 429 1199 seros
450 1141 664 1219 immanemque
688 1148 827 1210 naturam,
852 1147 883 1200 et
906 1142 998 1199 vitam
1025 1140 1107 1197 vitiis
1150 1200 1152 1203 ,

234 1237 408 1314 flagitiisque
428 1241 560 1300 omnihus
581 1242 720 1309 deditam,
743 1247 773 1300 et
799 1241 926 1315 denique
949 1240 1047 1298 omnia
1070 1240 1109 1297 ad

231 1337 393 1412 perniciem
407 1340 557 1415 profligata
568 1348 654 1415 atque
669 1338 804 1414 perdita?
817 1355 936 1414 quorum
945 1344 974 1396 tu
988 1338 1062 1395 nihil
1075 1339 1108 1395 in

234 1438 306 1496 Sex.
322 1438 471 1508 Roscium,
481 1459 519 1497 ne
532 1439 694 1513 objiciendi
707 1440 823 1514 quidem
837 1455 935 1505 causa,
948 1436 1107 1494 contulisti.

275 1535 394 1595 Patrem
408 1537 518 1596 occidit
534 1539 604 1596 Sex.
620 1538 754 1595 Roscius.
794 1536 884 1611 ¹'Qui
897 1533 1007 1594 homo?
1028 1537 1108 1593 Ado-
1122 1539 1161 1597 14

233 1637 413 1694 lesccntulus
428 1642 586 1711 corruptus,
598 1642 628 1694 et
640 1640 678 1693 ab
691 1636 857 1694 hominibus
871 1653 994 1711 nequam
1008 1634 1108 1692 induc·

229 1731 301 1794 tus?
319 1732 441 1793 ”annos
465 1741 549 1796 natus
574 1736 665 1810 magis
679 1736 878 1812 quadraginta.
918 1736 1014 1793 Vetus
1024 1735 1107 1791 vide·

228 1832 302 1890 licet
309 1832 440 1901 sicarius,
453 1835 540 1894 immo
554 1836 660 1903 audax,
671 1840 702 1891 ct
715 1853 803 1907 saepe
817 1835 849 1891 in
860 1837 951 1891 caede
965 1841 1106 1892 versatus.

231 1934 264 1987 at
273 1933 332 1989 hoc
345 1934 382 1987 ab
392 1937 562 1989 accusatore
582 1949 621 1988 no
635 1931 696 1988 dici
707 1932 825 2003 quidem
838 1928 967 1990 audistis.
1008 1933 1107 1989 Luxu·

230 2028 291 2104 fies
305 2028 391 2101 igitur
404 2027 553 2086 hominem
572 2027 716 2095 nimirum,
731 2032 763 2084 et
785 2029 860 2086 aeris
881 2029 973 2086 alieni
995 2028 1105 2100 magni-

233 2129 314 2196 tudo,
329 2133 359 2185 et
373 2127 533 2186 indomitae
544 2126 635 2186 animi
646 2127 822 2200 cupiditates
834 2128 870 2186 ad
881 2129 937 2186 lroo
951 2130 1046 2186 scelus
1057 2131 1110 2190 im·

228 2229 372 2303 pulcrum.
415 2227 463 2284 De
483 2227 606 2294 luxuria,
631 2227 766 2301 purgavit
786 2227 917 2296 Emeum,
931 2246 999 2286 cum
1019 2229 1104 2298 dixit,

231 2327 311 2386 hunc
325 2346 364 2384 ne
378 2325 409 2383 in
422 2325 563 2384 convivio
576 2326 694 2403 quidem
704 2328 763 2384 ullo
777 2327 837 2385 sere
847 2327 1021 2386 interfuisse.
1052 2328 1105 2387 Ni·

230 2425 276 2484 hil
300 2430 398 2483 autem
415 2442 550 2498 umquam
569 2425 679 2483 debuit.
720 2425 904 2496 cupiditates
926 2444 1011 2498 norro
1032 2445 1106 2500 quae

229 2526 354 2597 possunt
367 2539 432 2580 esse
446 2523 477 2578 in
492 2539 538 2588 eo,
551 2521 601 2594 qui
613 2518 659 2595 (ut
672 2521 735 2593 ipse
750 2527 901 2579 accusator
914 2519 1036 2599 objecit)
1051 2523 1108 2580 ruri

231 2638 346 2691 semper
359 2618 506 2686 habitarit,
520 2619 592 2677 etin
607 2636 676 2694 agro
690 2621 814 2677 colendo
828 2619 956 2680 vixerit?
976 2640 1050 2697 quae
1064 2623 1107 2682 vi·

232 2721 266 2775 ta
277 2717 405 2775 maxime
418 2715 439 2748 ³³
448 2716 619 2790 disJunctaa
629 2717 799 2791 cupiditate,
812 2723 842 2777 et
854 2737 922 2778 cum
929 2721 1026 2778 officio
1035 2739 1105 2782 con·

223 2815 341 2890 juncta.
384 2817 467 2888 Quae
481 2833 526 2872 res
540 2815 628 2890 igitur
645 2820 758 2874 tantum
781 2817 869 2876 istum
887 2819 1012 2879 furorem
1033 2823 1103 2882 Sex.

227 2914 339 2974 Roscio
360 2912 491 2989 objecit?
511 2914 603 2983 Patri,
630 2914 734 2990 inquit,
755 2933 815 2974 non
838 2919 983 2990 placebat.
1024 2920 1105 2979 Patri

257 3069 280 3102 ²⁵
294 3068 545 3130 quiltutondcmetc]
576 3070 602 3116 ln
619 3069 766 3128 Gmteriana,
786 3069 850 3117 utin
866 3071 968 3123 aliis.est
985 3072 1103 3122 hicnovae

227 3127 349 3175 ammonae
358 3127 452 3175 initium.
478 3127 587 3174 Graevius
594 3133 656 3175 recte
665 3129 784 3175 abstrudam
793 3129 994 3191 interpunctionem
1003 3134 1102 3193 sustulit,

229 3185 317 3247 quaein
326 3186 387 3232 libris
396 3186 508 3235 veteribus
517 3202 561 3234 non
571 3193 612 3241 est,
622 3187 694 3234 nain
705 3189 751 3234 Ma.
762 3188 806 3235 Gn.

261 3263 290 3294 ²⁶
298 3263 346 3314 Qui
354 3264 434 3324 horna]
465 3265 509 3311 ud.
524 3266 558 3311 W.
570 3267 629 3326 quta.
642 3281 670 3312 an
680 3265 753 3313 voluit
762 3267 817 3312 dare
827 3268 876 3326 ortis
885 3268 954 3316 imm.

259 3339 284 3372 Ἠ
297 3354 365 3387 annos
374 3347 440 3389 notua
453 3343 578 3412 nurgisun
610 3344 702 3402 Negant
710 3344 783 3392 latine
792 3344 844 3403 dici,
854 3361 923 3393 aanor
937 3348 1007 3406 nugis
1021 3350 1100 3408 qtsodr.

231 3400 292 3446 Sane
299 3399 422 3459 exemplum
430 3402 494 3447 aliud
509 3401 563 3449 mhi
572 3416 617 3449 non
626 3403 728 3450 occurrit.
759 3406 793 3450 At
802 3409 864 3450 recte
882 3405 964 3453 dicitur
979 3423 1048 3454 annor
1057 3424 1103 3454 um·

224 3457 289 3516 plius
296 3457 451 3515 mssdraginto.
473 3458 532 3506 und.
544 3461 611 3508 Rom.
622 3461 660 3507 W.
671 3462 709 3509 Br.
721 3466 763 3508 etc
771 3462 825 3508 item
834 3463 896 3511 Junt.
906 3465 954 3512 Ms.
966 3466 1010 3513 (iu.
1018 3468 1103 3512 habent

226 3515 304 3574 nmjcr.
318 3515 385 3561 male.
396 3516 467 3565 Aldus
475 3518 547 3576 mmm
555 3518 625 3565 dedu.

255 3595 278 3626 2⁸
292 3592 430 3663 ds'fjuactqu
437 3595 575 3665 cupiditate]
609 3595 679 3644 A¹best
688 3598 739 3644 edd.
750 3614 784 3660 pr.
794 3604 818 3646 et
831 3601 965 3659 Matina,
974 3603 1102 3662 absorptum

227 3668 243 3700 a
260 3651 322 3698 finali
338 3650 401 3697 verbs
418 3653 545 3712 duJurscm
565 3654 655 3701 addidit
670 3657 748 3714 sunta,
766 3664 817 3718 post
831 3661 910 3707 Aldus.
942 3662 1001 3707 Mox
1010 3664 1040 3705 ast
1049 3660 1102 3705 addi

226 3711 279 3759 vult
296 3710 454 3757 Hotomannus
472 3715 522 3771 post
541 3713 668 3772 cupiditate,
688 3715 764 3777 aitque
778 3717 809 3764 sic
826 3718 1007 3764 habeneveteres
1017 3732 1099 3764 omnes.

223 3771 276 3830 Ego
294 3769 318 3816 in
335 3769 399 3815 nullo
417 3769 499 3839 reperi.
530 3771 557 3818 ln
575 3772 611 3818 ed.
624 3772 659 3820 W.
674 3774 777 3824 onu'sm
805 3783 839 3824 est
864 3778 988 3835 wnjuncla,
1008 3789 1100 3836 quocum

221 3829 586 3937 Ἥαᾰαίἰὲἷάὼῆᾳυοᾱ
601 3830 625 3879 in
640 3832 689 3881 Μι
705 3833 1101 3897 οη.ωιιεοεωιιᾱε,ωάεηῖὶςυα

220 3900 272 3935 Μ
