2700 4675
451 578 517 632 PRO
530 581 560 636 Q.
575 577 690 631 MSGlO
700 575 870 631 COMOEDO·
1032 579 1091 647 125

221 732 257 790 et
275 725 464 803 ingeniosior,
487 728 544 785 hoc
566 729 654 787 docet
674 725 841 784 iracundius
863 726 894 781 et
915 718 1093 780 laboriosius.

225 826 302 899 quod
316 823 396 883 enim
405 824 469 899 ipse
483 824 618 883 celeriter
630 823 759 895 arripuit,
769 821 801 878 id
813 837 880 878 cum
889 820 971 877 tarde
983 818 1095 894 percipi

229 921 323 990 videt,
345 921 546 979 discrucietur.
587 921 692 978 Paullo
711 918 824 993 longius
843 918 936 975 cretio
954 934 1020 976 mee
1033 931 1095 991 pro·

227 1023 383 1076 recteest
406 1019 465 1076 hac
487 1020 524 1076 de
547 1035 643 1087 causa,
666 1022 699 1075 ut
720 1016 921 1075 conditionem
943 1016 1094 1075 societatis

227 1115 387 1189 diligenter
394 1116 616 1190 cognosceretis.
659 1117 743 1188 Quae
761 1113 900 1173 ”deinde
913 1120 980 1173 sunt
993 1131 1095 1174 conse·

229 1210 323 1270 outa?
345 1214 515 1288 Panurgum,
533 1214 634 1289 inquit,
652 1216 741 1283 hunc,
761 1231 878 1272 servum
901 1230 1095 1282 communem

228 1311 268 1385 Q·
283 1312 403 1371 Flavius
419 1313 638 1389 Tarquiniensis
658 1313 777 1389 quidam
796 1310 951 1370 interiecit.
968 1312 1001 1368 in
1015 1312 1094 1369 hanc

226 1427 298 1479 rem,
317 1410 420 1487 inquit,
440 1428 488 1468 me
509 1412 693 1485 cognitorem
715 1410 831 1467 dedisti.
851 1409 904 1466 lite
923 1412 1096 1477 contestata,

222 1504 480 1582 ⁸'judicio'dumni
502 1508 608 1582 injuria
634 1507 802 1575 constituto,
823 1511 854 1563 tu
875 1506 939 1563 sine
959 1523 1008 1563 me
1028 1522 1096 1568 cum

224 1607 341 1667 Flavio
355 1606 501 1665 decidisti.
541 1606 645 1663 Utrum
659 1623 712 1679 pro
731 1604 852 1663 dimidia
870 1609 969 1679 parte:
990 1621 1028 1662 an
1042 1622 1096 1679 pro

191 1703 194 1708 ’
224 1708 287 1763 lota
299 1701 462 1764 societate?
482 1704 595 1777 planius
608 1703 714 1771 dicam,
734 1709 829 1762 utrum
848 1721 901 1777 pro
914 1721 970 1772 me,
989 1720 1029 1761 an
1042 1720 1095 1777 pro

226 1818 275 1859 me
289 1807 319 1860 et
330 1820 383 1875 pro
393 1807 422 1861 te
433 1799 446 1859 l
466 1803 523 1859 Pro
536 1819 583 1859 me
594 1803 694 1875 potui:
716 1805 852 1875 exemplo
864 1804 1018 1859 multorum
1031 1802 1095 1860 lici·

227 1903 291 1956 tum
299 1898 434 1971 estrjure
443 1898 572 1956 lecenuut
581 1899 679 1955 multi:
693 1898 767 1955 nihil
776 1899 809 1955 in
819 1916 855 1955 ee
867 1918 898 1955 re
909 1899 963 1956 tibi
972 1900 1095 1975 injuriae

226 1997 295 2055 leci.
307 2001 376 2070 pete
389 2001 422 2053 iu
435 2000 523 2062 tuum,
536 1996 634 2069 exige,
647 2000 679 2051 et
688 1996 777 2063 aufer,
787 1997 863 2071 quod
872 1991 1001 2054 debetur.
1015 2014 1097 2054 suam

227 2092 350 2169 quisque
373 2096 485 2166 partem
502 2091 576 2166 Juris
597 2082 749 2166 possideat
764 2097 795 2150 et
818 2099 1025 2168 persequatur.
1051 2096 1097 2154 nt

226 2191 308 2249 enim
334 2189 444 2249 ”mum
464 2190 613 2265 negotium
637 2190 753 2265 gessisti
778 2194 862 2249 hane.
903 2192 982 2250 (lere
1006 2197 1037 2251 et
1063 2199 1095 2251 tu

223 2294 305 2351 tunm
319 2292 403 2350 bene.
446 2288 556 2364 Magno
566 2293 646 2351 tuam
659 2290 810 2349 dimidiam
823 2296 934 2365 partem
946 2292 1093 2350 decidisti.

225 2389 337 2464 Magno
356 2395 388 2447 et
397 2394 429 2446 tu
443 2393 521 2446 tuam
531 2395 643 2462 partem
661 2389 775 2446 decide.
817 2390 881 2446 H·S
896 2406 1018 2445 occrooo
1032 2392 1095 2446 uba·-

226 2488 330 2544 tulisti.
379 2485 401 2518 ’ἶ
416 2486 451 2543 Si
476 2487 509 2542 fit
528 2487 584 2542 hoc
605 2502 693 2555 vero,
717 2485 782 2541 H·S
797 2500 919 2540 cccrooo
936 2489 968 2541 tu
985 2503 1096 2561 quoque

227 2585 319 2642 aulen.
336 2626 339 2633 .
359 2583 422 2640 Sed
433 2583 511 2638 hanc
524 2581 704 2639 decisionem
720 2580 831 2647 Roscii,
843 2581 974 2638 oratione
986 2588 1017 2640 et
1035 2584 1096 2658 opi·
1108 2587 1148 2645 12

226 2681 319 2740 uione
345 2698 450 2754 augere
476 2678 564 2738 licet:
598 2697 629 2736 re
655 2683 687 2736 et
712 2679 836 2736 veritate
862 2680 1038 2739 mediocrem
1064 2688 1095 2740 et

227 2784 347 2839 tenuem
360 2796 426 2836 esse
436 2776 606 2836 invenietis.
648 2776 777 2850 Accepit
787 2778 865 2834 enim
878 2795 977 2852 agrum
987 2785 1095 2856 tempo

220 2879 303 2939 ribus
323 2877 369 2948 iis,
392 2876 613 2952 cum.jaaerent
631 2875 726 2950 pretia
745 2875 941 2950 praediorum:
965 2879 1015 2951 qui
1027 2895 1097 2954 eger

249 3054 279 3087 “2⁴
292 3053 372 3101 dende
386 3056 440 3100 nuit
455 3053 585 3114 musaeum]
615 3050 674 3098 Sunt
684 3049 809 3101 addidimus
825 3064 854 3098 ex
865 3051 916 3098 edd.
953 3067 971 3098 r.
988 3054 1094 3104 omnibns.

221 3112 286 3160 Casu
295 3112 383 3158 excidit.
415 3111 523 3158 Restituit
534 3111 581 3168 jam
590 3111 700 3158 Graevius
709 3125 735 3156 ex
745 3111 781 3156 ed.
794 3111 880 3157 Victor.
896 3116 920 3157 et
960 3128 976 3158 n.
987 3112 1065 3161 Frauc.

224 3203 228 3223 ¹
257 3190 381 3247 25judicio
401 3189 478 3235 ἀιηιηί
496 3188 603 3248 injuria]
648 3188 722 3235 Reate
738 3188 872 3250 interpretes
888 3188 983 3247 intelligi
1001 3196 1099 3250 mouent,

223 3249 282 3297 doti.
307 3246 402 3305 injuria
410 3247 498 3294 videtur
508 3247 645 3305 eseeglosm
654 3247 707 3308 quia
716 3248 772 3293 antio
781 3248 859 3294 damni
868 3248 999 3309 simpliciter
1007 3251 1096 3309 dicitur,
1194 3290 1202 3298 .

223 3309 328 3374 adeoque
341 3304 410 3350 etium
418 3304 539 3363 judiam
553 3301 643 3352 ἅαπιηίε
660 3320 712 3350 nam
728 3306 832 3351 damnum
847 3320 888 3375 per
901 3307 1004 3376 injuriam
1019 3310 1097 3356 datum

220 3363 322 3420 intelligi
330 3376 370 3422 per
377 3377 402 3408 se
411 3369 488 3423 patet:
499 3364 538 3409 sed
547 3367 572 3409 et
580 3362 638 3408 iufra
647 3378 666 3409 e.
680 3365 714 3409 18.
727 3363 811 3421 siceat3
821 3369 844 3409 et
853 3379 876 3410 un
886 3365 971 3423 legibus
980 3383 1054 3428 saepe.

255 3441 280 3474 Μ
295 3445 360 3487 luam
368 3441 607 3498 negotium-ulnam
620 3439 700 3486 dimid.
709 3441 743 3502 p]
775 3442 800 3487 ln
809 3442 882 3488 altero
895 3445 946 3491 edd.
960 3460 995 3549 Er.
1011 3446 1097 3490 addunt

220 3507 258 3556 tu,
277 3498 353 3544 nonio
363 3497 441 3559 primo.
470 3498 580 3551 Graevius
590 3505 618 3543 ex
632 3499 667 3543 ed.
679 3496 739 3544 vict.
756 3499 820 3546 addit
833 3501 927 3563 utrique.

223 3557 313 3612 addidi,
330 3561 354 3601 et
370 3556 444 3603 delevi
457 3556 482 3603 iu
494 3558 563 3607 tertio
576 3560 630 3602 anta
645 3557 762 3603 αϋείιιῑὺίί.
788 3558 848 3606 Nam
860 3559 916 3606 illud
925 3567 945 3606 et
954 3566 980 3606 tu
988 3559 1097 3604 efficacius

223 3621 269 3671 est,
280 3615 298 3662 si
308 3630 353 3661 non
362 3612 477 3687 praeeedit
486 3620 512 3662 lu
517 3633 528 3672 ,-
541 3614 601 3676 quod
611 3613 680 3660 etiam
688 3615 761 3672 friget
791 3619 828 3665 Sia
843 3633 894 3664 mox
902 3635 921 3664 c.
932 3622 965 3666 lu.
977 3617 1034 3662 med.

254 3693 280 3727 ²⁷
294 3693 360 3750 Siste
377 3693 416 3740 hoc
435 3693 504 3753 uera}
533 3691 627 3739 Hotom.
641 3686 739 3751 'curfigit
751 3694 792 3741 sil:
813 3697 873 3757 quod
891 3701 914 3742 et
930 3691 1098 3752 nobisprimum

221 3753 350 3813 legentibus
359 3753 382 3799 in
392 3755 490 3800 mentem
498 3751 569 3810 uenit,
579 3754 604 3798 et
612 3752 706 3801 sormam
714 3752 764 3802 aliie
774 3768 861 3816 quelue
870 3753 952 3802 maiar.

264 3852 334 3902 von.
356 3853 398 3892 nv.
658 3834 697 3890 1³
716 3831 735 3869 *³

981 3517 1010 3561 go
1020 3502 1094 3548 neutri
