2700 4675
425 561 491 610 ruo
506 557 575 634 spx.
591 558 705 610 scauro
719 554 882 608 suanno.
1055 566 1095 624 85

221 708 307 772 rem?
327 707 423 767 etalii
437 707 529 766 multi.
551 706 642 780 Quasi
656 724 734 766 nunc
745 705 776 762 id
786 710 897 780 agatur,
907 703 970 777 quis
983 722 1022 762 ex
1036 710 1097 764 tan·

225 815 257 867 ta
267 806 455 865 multitudine
467 804 619 871 occiderit,
637 820 672 860 ac
691 820 751 858 non
771 804 828 858 hoc
850 807 1010 875 quaeratur,
1023 779 1099 873 eum,

180 889 185 904 ¹
226 906 276 981 qui
291 883 403 963 Romae
412 903 451 959 sit
460 902 584 968 occisus,
594 906 689 957 utrum
700 899 885 967 verisimilius
893 900 932 958 sit
939 902 976 957 ab
990 918 1026 958 eo
1036 920 1099 960 esse

227 1004 370 1068 occisum,
384 1000 434 1074 qui
456 999 586 1056 assiduus
606 1016 643 1056 eo
667 1003 794 1072 tempore
809 1000 920 1056 Rornae
934 999 1040 1058 suerit:
1061 1019 1101 1059 an

230 1103 269 1160 ab
280 1117 327 1168 eo,
339 1100 388 1173 qui
397 1097 493 1156 multis
507 1097 590 1155 annis
602 1099 724 1156 Romam
732 1097 852 1156 omnino
865 1117 923 1156 non
933 1101 1099 1159 accesserit.

237 1200 314 1273 Age,
329 1216 406 1256 nunc
429 1202 557 1256 caeteras
573 1198 724 1255 facultates
748 1215 860 1273 quoque
872 1198 1098 1257 consideremus.

230 1295 303 1355 Erat
315 1302 375 1354 turn
399 1296 550 1354 multitudo
562 1296 740 1363 sicariorum,
761 1297 792 1352 id
805 1299 881 1370 quod
895 1315 1099 1355 commemora·

229 1396 274 1453 vit
282 1395 413 1464 Erucius,
424 1401 454 1452 et
467 1395 599 1453 homines
613 1395 733 1467 impune
742 1395 958 1451 occidebantur.
1000 1392 1100 1465 Quid?

226 1512 263 1554 ea
273 1494 428 1553 multitudo
441 1512 516 1568 quae
530 1490 608 1551 erat?
628 1492 741 1565 opinor,
754 1497 804 1548 aut
817 1509 924 1559 eorum,
942 1493 992 1567 qui
1007 1493 1039 1549 in
1054 1496 1106 1563 bo-,

225 1593 272 1652 nis
286 1600 369 1651 erant
383 1593 536 1666 occupati3
557 1596 606 1648 aut
619 1609 728 1676 eorum,
742 1590 791 1665 qui
804 1593 841 1648 ab
851 1590 888 1648 iis
898 1593 1100 1650 conduceban-

226 1696 281 1759 tur,
294 1698 326 1749 ut
339 1692 465 1767 aliquem
478 1691 654 1749 occiderent.
698 1690 731 1748 Si
742 1708 792 1747 eos
806 1696 898 1763 putas,
908 1691 957 1766 qui
970 1693 1100 1750 alienum

187 1856 189 1860 ,
224 1793 417 1863 appetebant:
438 1796 470 1847 tu
488 1809 519 1848 es
533 1790 564 1847 in
583 1808 620 1846 eo
641 1807 770 1858 numero,
784 1790 832 1863 qui
853 1795 950 1847 nostra
973 1790 1099 1864 pecunia

223 1888 310 1946 dives
323 1908 373 1945 es:
395 1890 441 1946 sin
455 1907 515 1955 eos,
529 1888 666 1962 quos,qui
677 1889 790 1944 leviore
804 1888 923 1946 nomine
937 1892 1098 1960 appellant,

226 2002 409 2059 percussores
428 1981 558 2041 v'ocant:
578 2001 694 2058 quaere,
711 1984 744 2041 in
766 1985 847 2056 cujus
861 1985 917 2040 fide
932 1985 991 2042 sint
1004 1991 1035 2042 et
1047 1985 1100 2042 cli·
1206 2041 1212 2048 „

225 2086 341 2141 entele:
362 2083 435 2140 mibi
457 2084 554 2151 crede,
575 2084 703 2156 aliquem
726 2084 764 2140 de
786 2082 927 2140 societate
949 2088 998 2141 tua
1017 2101 1098 2157 repe·

224 2182 302 2252 ries;
323 2188 361 2250 et,
373 2182 510 2259 quidquid
522 2188 664 2242 tucontra
677 2182 797 2251 dixeris,
806 2182 836 2240 id
847 2199 914 2259 cum
927 2182 1097 2244 defensione

226 2287 325 2347 nostra
336 2282 515 2343 contendito.
530 2282 571 2342 ita
584 2282 725 2342 bacillime
735 2300 823 2343 causa
835 2284 906 2341 Sex.
921 2282 1023 2342 Roscii
1030 2299 1098 2342 cum

224 2387 275 2441 tua
293 2385 466 2441 conteretur.
508 2384 610 2452 Dices,
630 2383 709 2453 Quid
729 2388 840 2456 postea,
858 2382 886 2438 si
904 2382 1015 2439 Romae
1028 2384 1098 2441 assi·

225 2482 300 2539 dnus
313 2480 376 2541 lui?
398 2482 603 2553 Respondebo,
616 2486 647 2538 at
667 2497 724 2552 ego
746 2480 867 2536 omnino
880 2478 1002 2536 nonlui.
1043 2481 1099 2537 Fa·

226 2583 300 2645 teor,
309 2596 355 2634 me
369 2582 514 2635 sectorem
526 2594 606 2646 erse3
626 2591 728 2633 verum
742 2575 837 2635 etalii
850 2575 942 2633 multi.
984 2578 1027 2634 At
1035 2595 1100 2650 ego,

226 2679 260 2733 nt
271 2679 335 2752 tute
348 2674 454 2748 arguis,
467 2673 595 2748 agricola
604 2679 635 2731 et
647 2674 780 2731 rusticus.
821 2673 891 2732 Non
908 2675 1057 2743 continuo,
1073 2676 1099 2735 ei

226 2789 275 2833 me
289 2771 320 2828 in
333 2789 451 2846 gregem
468 2760 637 2831 sicariorum
644 2773 765 2841 contuli,
777 2791 840 2833 sum
851 2748 980 2832 sicarius.
1000 2779 1031 2833 at
1044 2793 1100 2850 ego

224 2869 363 2946 prolecto,
382 2868 433 2946 qui
456 2889 495 2929 ne
519 2871 592 2929 novi
619 2871 735 2946 quidem
760 2889 931 2947 quemquam
953 2872 1100 2942 sicarium,

221 2949 310 3044 longe
333 2972 435 3029 absum
455 2972 492 3027 ab
516 2967 659 3045 ejusmodi
684 2969 819 3028 crimine.
861 2970 1010 3030 Permulta
1022 2977 1098 3041 sunt,

223 3054 299 3144 quae
325 3068 388 3126 dici
414 3072 543 3142 possunt,
566 3085 652 3143 quare
681 3067 871 3142 intelligatur,
885 3085 1026 3129 summam
1046 3070 1099 3151 tibi¹

225 3166 396 3224 facultatem
408 3166 497 3225 luisse
510 3167 648 3225 maleficii
661 3152 856 3241 suscipiendi:
877 3186 951 3243 quae
965 3187 1025 3227 non
1038 3188 1097 3229 mo·

227 3265 267 3320 do
285 3264 395 3322 idcirco
407 3271 565 3340 praetereo,
576 3267 650 3340 quod
665 3265 789 3339 teipsum
804 3283 863 3324 non
877 3267 1001 3325 libenter
1014 3286 1097 3327 accu-

226 3378 277 3421 so:
298 3380 397 3420 verum
410 3382 446 3420 eo
462 3364 554 3438 magis
573 3363 670 3430 etiarn,
685 3366 770 3438 quod,
784 3364 859 3422 side
881 3365 939 3423 illis
960 3369 1097 3425 caedibus

224 3459 320 3518 velim
332 3478 566 3530 commemorare,
575 3479 649 3535 quae
661 3465 722 3519 turn
736 3462 831 3520 sactae
845 3470 911 3523 sunt
925 3464 981 3522 ista
996 3468 1098 3522 eadem

223 3558 348 3625 ratione,
376 3576 431 3633 qua
446 3559 517 3617 Sex.
539 3558 662 3615 Roscius
676 3560 790 3617 occisus
810 3567 864 3631 est,
884 3580 996 3630 vereor,
1008 3580 1046 3619 ne
1060 3559 1106 3619 ad'

223 3661 323 3735 plures
342 3656 435 3733 oratio
451 3672 517 3715 mea
529 3657 675 3731 pertinere·
690 3657 829 3726 videatur.

273 3774 345 3814 von.
368 3775 410 3813 ιν.
666 3757 702 3811 10
