2700 4675
446 564 510 616 PRO
524 565 586 616 SEX
600 564 714 615 Roscio
729 564 891 614 Autumno.
1036 568 1096 628 105

224 710 345 791 gonusi
361 712 413 769 hie
433 713 522 771 etiam
541 718 644 787 potens
659 730 724 770 esse
738 709 828 770 vult?
847 729 867 769 o
880 726 942 769 rem
955 708 1098 778 miseram,

228 818 316 885 atque
330 813 481 867 acerbam!
502 813 606 885 Neque
627 812 807 867 mehercules
820 810 878 866 hoo
893 808 1012 882 indigne
1030 806 1099 876 iero,

228 911 307 985 quod
321 925 433 975 verear,
446 926 484 965 ne
508 909 577 981 quid
591 906 699 980 possit:
719 924 820 963 verum
841 906 917 981 quod
938 921 1022 962 ausus
1046 908 1100 973 est,

229 1008 306 1082 quod
320 1005 459 1080 speravit,
472 1023 537 1062 sese
550 1006 625 1078 apud
640 1007 713 1062 tales
736 1005 813 1062 viros
827 1003 935 1079 aliquid
954 1005 993 1061 ud
1006 1002 1100 1078 perni-

229 1106 309 1164 elem
323 1121 408 1178 posse
431 1103 604 1172 innocentis,
618 1104 649 1162 id
673 1104 766 1177 ipsum
793 1120 904 1178 queror.
945 1095 1152 1161 ldeiroonetd

229 1207 401 1276 experrecta
423 1202 567 1270 nobilitas,
581 1202 667 1260 armis
689 1208 774 1277 atque
795 1203 869 1260 terro
890 1202 1100 1276 rempublicam

230 1301 422 1375 recuperavit,
442 1307 483 1369 ut,
501 1304 538 1359 ad
552 1302 708 1360 libidinem
720 1319 811 1369 suum,
824 1300 921 1358 liberti
934 1301 1099 1375 servilique

228 1400 380 1469 nobilium,
404 1402 490 1468 bone,
512 1401 639 1457 fortunus
667 1404 780 1455 vestras
803 1404 969 1473 nostrasque
989 1414 1100 1455 vexare

228 1505 350 1576 possent
362 1498 374 1558 ‘l
396 1500 431 1557 Si
442 1500 474 1557 id
487 1505 586 1557 uotum
599 1503 652 1565 est,
673 1497 765 1555 fateor
783 1513 831 1555 me
844 1512 963 1564 errasse,
981 1495 1030 1572 qui
1043 1497 1101 1555 hoe

225 1599 398 1659 maluerim:
420 1598 514 1655 fateor
534 1597 686 1665 insanisse,
711 1596 848 1672 quicum
869 1595 928 1654 illis
949 1595 1099 1654 senserim.

225 1699 345 1756 tametsi
358 1696 487 1765 inermis,
501 1696 628 1770 judices,
652 1696 741 1755 sensi.
783 1696 836 1754 Sin
858 1702 956 1754 autem
975 1694 1101 1753 viatoria

227 1795 372 1854 nobilium
393 1801 563 1855 ornamento
589 1801 675 1869 atque
700 1797 896 1852 emolumento
922 1793 1101 1867 reipublicae

229 1896 395 1968 populoque
418 1896 551 1951 Romano
575 1894 662 1950 debet
686 1911 768 1951 esse:
789 1899 850 1950 tum
863 1892 1057 1964 verooptimo
1070 1895 1101 1949 et

231 1990 414 2049 nobilissimo
427 1990 531 2064 auique
550 2006 644 2047 meam
658 1989 818 2047 orationem
831 1988 1024 2063 gratissimam
1036 2006 1103 2046 esse

230 2091 356 2161 oportet.
398 2086 508 2159 Quodsi
520 2087 584 2161 quis
597 2092 651 2156 est,
664 2087 714 2160 qui
727 2092 758 2144 st
778 2105 810 2144 se
823 2091 854 2143 et
879 2102 996 2144 eanum
1022 2086 1102 2145 laedi

229 2189 324 2262 putet,
338 2203 403 2243 oum
416 2186 621 2261 Chrysogonus
637 2185 828 2260 vituperetur:
849 2185 875 2244 is
888 2201 1007 2244 eausam
1020 2185 1107 2262 igno:

231 2288 287 2352 rat,
300 2285 435 2359 seipsum
454 2302 543 2361 prope
563 2303 621 2344 non
636 2286 729 2344 novit.
771 2285 868 2345 Causa
881 2284 961 2344 enim
974 2286 1101 2361 splendi-

229 2385 296 2444 dior
305 2385 364 2453 liet,
383 2385 409 2444 si
423 2384 599 2459 nequissimo
612 2385 716 2458 auique
730 2385 887 2443 residetur.
928 2385 984 2441 Ille
998 2384 1102 2457 impro-

231 2483 368 2540 bissimus
383 2481 568 2556 Chrysogoni
580 2482 682 2548 fautor,
695 2481 743 2554 qui
756 2481 813 2539 sibi
822 2499 890 2538 oum
898 2483 951 2540 illo
961 2482 1104 2541 rationem

235 2580 483 2640 communicatam
495 2582 587 2651 putat,
598 2577 732 2646 laeditur,
745 2595 812 2639 oum
824 2580 862 2636 ab
875 2581 932 2638 hoc
950 2580 1103 2654 splendore

236 2694 344 2736 causae
358 2680 513 2750 separatur.

273 2776 386 2833 Verum
408 2776 481 2833 haeo
503 2773 597 2832 omnis
611 2774 704 2833 oratio
722 2771 767 2849 (ut
780 2777 844 2851 jam
858 2783 926 2836 ante
939 2775 1017 2858 dixi)
1037 2795 1103 2838 meu

232 2878 296 2933 est:
317 2891 372 2949 qua
385 2891 433 2932 me
447 2873 490 2931 uti
503 2874 675 2947 respublica,
689 2878 720 2931 et
732 2876 815 2932 dolor
827 2893 916 2944 meus,
936 2883 966 2934 et
983 2876 1104 2936 istorum

231 2971 466 3050 sujuuacoagu,
502 2973 562 3030 seu
576 2972 701 3030 Roscius
715 2975 814 3032 uorum
829 2974 872 3031 nu
890 2961 1106 3051 indignumpu

232 3078 293 3131 lat:
315 3072 463 3130 neminem
477 3077 614 3130 accusat:
634 3072 710 3130 nihil
724 3073 761 3130 de
774 3090 827 3129 suo
850 3073 1024 3147 patrimonio
1036 3093 1102 3151 que·

231 3171 321 3229 nitur:
342 3175 424 3244 putat
435 3171 523 3228 homo
543 3170 692 3245 imperitus
714 3189 835 3240 morum,
855 3173 983 3247 agricola
1001 3179 1032 3232 et
1044 3192 1102 3233 rus·

235 3269 320 3336 tiens,
332 3269 390 3326 ista
401 3269 508 3336 omnia,
521 3286 595 3344 quae
609 3287 662 3329 vos
677 3288 729 3344 per
737 3272 849 3329 Sullam
861 3278 944 3346 gesta
953 3291 1017 3330 esse
1030 3273 1103 3334 diui·

235 3366 285 3433 tis,
298 3383 386 3434 more,
398 3368 473 3440 lege,
486 3366 553 3440 jure
579 3368 710 3441 gentium
729 3367 806 3426 laeta
820 3389 831 3424 :.
847 3373 933 3444 oulpe
955 3371 1102 3439 liberatus,

235 3468 267 3523 et
275 3462 397 3522 erImine
406 3464 517 3523 nelario
526 3466 634 3522 solutus
645 3466 726 3539 oupit
739 3483 757 3523 a
770 3466 853 3524 vobis
867 3467 1025 3527 discedere.
1069 3467 1103 3524 Si

236 3565 294 3622 lrao
308 3561 429 3636 indigna
441 3561 605 3635 suspicione
618 3568 726 3631 eareat,
746 3565 843 3623 animo
856 3584 948 3642 aequo
958 3586 990 3623 se
1004 3581 1104 3622 carere

232 3662 293 3721 suis
307 3660 442 3718 omnibus
455 3660 613 3717 commodis
626 3661 708 3718 dicit.
723 3668 803 3741 rogat
815 3670 933 3741 oratque
948 3671 987 3730 te,
1010 3662 1103 3734 Chry·

232 3760 352 3837 sogone
366 3758 392 3817 si
405 3757 480 3817 nihil
493 3759 530 3816 de
544 3757 632 3833 patris
647 3759 766 3820 fortunis
779 3762 965 3837 amplissimis
979 3760 1011 3816 in
1021 3773 1102 3818 suan
