2700 4675
244 523 285 587 la
608 519 732 572 camo

242 671 290 730 cui
304 675 422 747 repente
442 672 567 739 coelum,
580 672 682 737 solem,
695 685 810 744 mmm,
833 665 857 702 ⁰
868 671 1045 746 terramque
1063 664 1116 732 ado

241 771 364 842 merint3
383 776 424 838 ut,
439 771 567 845 quicum
580 773 723 838 necasset,
742 768 821 826 unde
835 767 906 842 ipse
929 776 1022 828 naurs
1042 770 1114 834 cael,

241 875 353 928 careret
371 870 407 927 iis
421 872 504 926 rebus
520 869 662 937 omnibus,
681 866 838 942 exquibus
852 869 965 928 omnis
979 874 1052 928 nate
1062 881 1114 926 ena

240 965 398 1026 dicuntur?
419 969 582 1024 Noluerunt
594 968 661 1024 ieris
681 983 783 1040 corpus
796 965 948 1041 objicere,
970 987 1013 1030 ne
1027 963 1114 1026 beotii!

241 1085 362 1141 quoque,
376 1082 449 1140 quae
470 1070 582 1122 tantum
600 1067 695 1123 scelus
709 1064 889 1140 attigissent,
901 1067 1117 1127 immanioribu

240 1169 400 1222 uteremur:
422 1163 537 1222 nonsic
551 1165 642 1223 nudos
657 1163 809 1222 indumen
828 1164 978 1240 dejicere,
997 1185 1048 1236 ne,
1061 1180 1116 1226 cu!

240 1265 331 1323 delati
350 1269 449 1322 essent
468 1264 500 1320 in
514 1281 602 1331 mare,
625 1262 719 1336 ipsum
737 1262 917 1336 polluerent,
943 1282 1006 1339 quo
1019 1269 1116 1330 eeterr,

240 1382 314 1441 quae
336 1364 446 1422 violata
466 1368 542 1431 sunt,
563 1361 676 1436 expiari
694 1363 839 1435 putantur.
884 1361 1036 1439 Denique
1052 1362 1115 1424 nili!

241 1470 301 1521 tam
321 1465 392 1531 vile,
412 1481 506 1538 neque
524 1467 584 1519 tam
598 1462 717 1534 vulgare
730 1463 785 1528 est,
803 1457 891 1534 cujus
905 1465 1117 1535 partemullau
1172 1473 1173 1478 ’

240 1561 416 1634 reliquerint.
457 1560 576 1618 Etenim
599 1559 668 1634 quid
692 1563 752 1616 lam
771 1561 817 1615 cst
841 1574 1021 1633 commune,
1042 1578 1117 1638 qum

240 1657 356 1732 spiritus
371 1658 460 1727 vivis,
480 1662 555 1714 terra
574 1656 703 1726 mortuis,
722 1673 800 1716 mare
814 1656 1046 1732 fluctuantibus,
1059 1661 1118 1720 litu

241 1753 367 1832 ejectis?
391 1758 437 1815 lta
450 1756 566 1825 vivunt,
585 1758 654 1814 dum
666 1760 795 1831 possunt,
813 1760 847 1812 ut
862 1757 980 1818 ducere
997 1762 1119 1824 uiuum

241 1857 278 1926 de
293 1858 377 1916 coelo
395 1875 455 1915 non
469 1855 602 1933 'queantz
626 1857 670 1913 ita
689 1854 856 1924 moriuntur,
875 1861 913 1915 nt
933 1877 1042 1922 eorum
1060 1876 1118 1925 om

240 1955 261 1990 ⁴⁷
269 1961 344 2015 terra
365 1976 424 2016 non
449 1962 565 2032 tangat:
587 1956 630 2014 ita
648 1955 798 2029 jactantur
817 1954 971 2029 ductibus,
994 1966 1034 2028 ut
1047 1976 1119 2024 nun·

241 2074 327 2132 quam
348 2058 514 2114 abluantur:
541 2055 585 2112 ita
607 2059 751 2129 postremo
774 2052 946 2128 ejiciuntur,
966 2063 1005 2120 ut
1026 2078 1065 2124 ue
1086 2059 1118 2118 ad

242 2168 314 2208 saxa
335 2153 451 2225 quidem
479 2153 582 2209 mortui
603 2153 820 2227 conquiescant.
863 2152 965 2216 Tanti
983 2155 1118 2220 maleficii

241 2247 362 2316 crimen,
375 2247 423 2305 cui
437 2248 580 2305 maleficio
593 2252 653 2305 tam
666 2249 781 2325 insigne
797 2250 980 2326 supplicium
995 2261 1044 2316 est
1055 2273 1117 2324 cou-

242 2348 381 2418 stitutum,
395 2351 515 2425 probare
530 2353 568 2418 te,
583 2348 681 2419 Eruci,
695 2367 798 2409 censes
810 2366 898 2423 posse
912 2339 1030 2423 urite·
1043 2356 1116 2425 viris,

241 2450 267 2509 si
289 2468 326 2508 ne
340 2468 457 2509 causam
481 2449 596 2526 quidem
614 2450 752 2508 maleficii
773 2450 955 2523 protuleris?
986 2456 1024 2521 Si
1047 2458 1117 2515 hnc

242 2552 317 2626 apud
331 2554 469 2609 bonorum
483 2556 606 2608 emtores
626 2549 704 2624 ipsos
718 2566 878 2616 accusares,
898 2549 991 2631 eique
1006 2553 1114 2630 jnricir

243 2650 449 2722 Chrysogonus
474 2653 640 2723 praeesset3
663 2654 762 2706 tamen
783 2647 956 2723 diligentius
981 2653 1114 2729 paratim·

243 2765 297 2822 que
321 2746 462 2825 venisses.
504 2747 618 2815 Utrum,
640 2746 708 2823 quid
735 2749 842 2820 agatur,
864 2763 927 2807 non
947 2749 1064 2821 vides?
1081 2766 1113 2819 rr

244 2848 319 2922 apud
339 2864 409 2922 quos
430 2843 551 2921 agatur?
575 2846 681 2920 Agitur
700 2847 738 2905 de
758 2844 933 2919 parricidio:
954 2852 1036 2927 quod
1059 2849 1114 2915 sins

244 2947 339 3004 multis
367 2946 462 3003 causis
490 2945 597 3017 suscipi
624 2963 684 3003 non
714 2949 818 3019 potest.
868 2945 960 3019 Apud
984 2950 1111 3011 inminet

244 3048 339 3101 autem
360 3041 596 3117 prudentissimos
618 3043 728 3116 agitur:
752 3043 801 3121 qui
821 3042 1006 3119 intelligunt,
1029 3044 1110 3107 neni·

232 3155 312 3207 ¹nem
338 3157 376 3196 ne
402 3137 555 3201 minimum
582 3140 699 3217 quidem
725 3140 902 3203 maleficium
933 3143 1003 3207 sine
1031 3158 1110 3211 ceu

244 3237 405 3296 admittere.

272 3392 295 3427 ⁴⁰
309 3396 432 3451 terramque
440 3393 581 3452 ademerint]
612 3392 648 3439 tic
654 3391 789 3439 restituimus
798 3407 825 3438 ex
834 3391 886 3438 edd.
897 3407 933 3454 pr.
945 3409 1019 3459 mque
1028 3400 1058 3447 ul
1064 3398 1111 3447 Jun-

244 3457 302 3503 tam:
313 3451 344 3499 sic
353 3455 376 3497 et
385 3451 433 3499 Ms.
444 3451 473 3498 ss.
499 3452 571 3501 Aldus
580 3450 651 3499 edidit
658 3452 795 3511 memmae
804 3451 871 3498 male.

273 3533 296 3568 rt
311 3536 424 3579 terracon
437 3533 547 3588 usgro-
558 3531 699 3636 cllmrrtorfl
711 3589 718 3601 .
731 3530 857 3578 anmtore
870 3530 982 3582 edidimus
997 3540 1108 3589 mn

244 3597 336 3653 latagum
350 3589 498 3638 emelioribus
512 3589 581 3637 libris.
612 3590 684 3637 Hicli
699 3605 718 3637 rr
733 3593 860 3638 constanter
872 3593 941 3639 tem.
974 3594 1111 3645 Necestcc·

244 3652 369 3710 cessarium,
377 3650 514 3703 Ciceronem,
525 3647 561 3709 qul
571 3648 698 3701 memoriter
707 3649 811 3699 recitaret
820 3649 893 3697 lucram
902 3648 926 3701 iu
936 3652 1048 3716 Oratore,
1058 3658 1112 3709 utit-

244 3726 288 3775 que
296 3713 319 3762 in
327 3713 377 3761 loco
386 3709 464 3761 eodem
473 3705 541 3757 ΜΟ
549 3706 666 3771 millim-
692 3708 728 3767 DC
736 3709 860 3758 “bimur
868 3723 891 3757 V·
901 3708 932 3767 ⁸11
940 3712 1011 3765 0rst
1022 3716 1085 3773 cw-
