2700 4675
239 574 405 640 ur·
582 536 846 622 umm‘

235 719 362 797 quidem.
403 719 518 779 Decem
537 720 600 779 dies
617 729 685 778 sunt
698 722 766 776 ante
785 715 870 774 ludos
891 711 1027 781 votivos,
1046 704 1116 787 quer

236 820 294 879 Gn.
315 820 470 895 Pompejus
496 820 622 878 facturus
645 823 698 876 est.
720 816 753 874 hi
773 814 836 873 ludi
856 812 923 871 dtes
945 811 1109 887 qulndeciur

236 921 375 978 auferent
390 920 497 980 deinde
510 920 651 978 contiuno
664 916 789 976 Romani
803 891 1031 987 consequentur.
1066 912 1109 968 lta

236 1035 325 1094 prope
347 1035 389 1075 ιι,
409 1018 513 1088 diebut,
523 1015 712 1090 interpositis,
734 1018 794 1073 tum
813 1012 997 1085 denique-sa
1011 1011 1048 1067 ud
1067 1025 1108 1078 en,

236 1133 311 1194 quae
332 1131 350 1171 a
370 1115 454 1172 nobis
473 1114 553 1171 dicta
566 1119 659 1181 eruut,
681 1127 867 1186 responsuros
885 1125 954 1166 esse
974 1108 1107 1166 arbitran-

235 1217 299 1272 tur:
321 1212 428 1271 deinde
450 1230 482 1270 se
498 1214 637 1270 ducturos
651 1216 683 1269 et
701 1210 836 1277 dicendo,
852 1212 884 1266 et
903 1205 1107 1274 ³⁸excusando.

235 1312 324 1371 {acite
348 1314 385 1369 ad
410 1312 493 1369 iudos
518 1310 680 1368 Victoriae.
722 1310 798 1366 Cum
826 1307 873 1365 his
894 1306 1025 1380 plebejos
1045 1321 1108 1361 esse

236 1411 426 1485 conJunoros:
450 1410 609 1467 secundum
621 1426 691 1484 quos
705 1410 755 1465 aut
774 1405 857 1473 uuili,
875 1411 929 1463 aut
945 1405 1029 1479 ponci
1042 1404 1106 1459 dies

237 1509 274 1565 sd
297 1510 442 1582 agendum
461 1507 547 1565 tuturi
566 1512 642 1564 sunt
685 1509 729 1563 lta
751 1504 924 1577 defensare
947 1501 1110 1577 refrigerate

236 1605 434 1672 aromaticus,
458 1622 520 1662 rem
539 1605 682 1678 integram
703 1603 740 1659 ad
763 1587 809 1659 ΜᾸ
826 1601 984 1660 Metellum
1004 1605 1109 1675 praeto·

236 1717 376 1758 ramesse
391 1709 552 1759 venturam.
571 1719 656 1775 quem
678 1718 733 1776 ego
749 1700 906 1768 hominem,
927 1699 1032 1775 siejus
1045 1696 1106 1756 fidei

236 1797 346 1857 diffisus
385 1816 487 1867 essem,
520 1798 652 1874 judicem
681 1817 740 1856 uon
762 1793 968 1856 retinuissem.
1026 1799 1108 1857 Nunc

238 1900 340 1955 tamen
363 1915 399 1956 eo
412 1898 511 1955 animo
531 1915 603 1964 sum,
623 1902 655 1954 ut
676 1916 712 1954 eo
726 1897 838 1971 judice,
862 1913 950 1970 quam
971 1901 1109 1970 praetore,

238 1996 316 2055 hanc
329 2014 391 2054 rem
405 1996 526 2071 transigi
539 1996 657 2065 matim3
679 2000 710 2052 et
723 1996 822 2067 jurato
834 2009 928 2063 snam,
940 2011 1032 2070 quam
1043 1994 1111 2070 mju'·

238 2099 302 2150 rato
317 2094 439 2151 aliorum
454 2097 575 2151 tabelias
588 2094 779 2151 committeres

188 2207 224 2265 η
276 2187 297 2221 ³⁹
310 2191 399 2248 Nunc
419 2208 483 2265 ego,
499 2193 626 2264 judices,
641 2192 706 2264 jam
719 2207 773 2249 vos
794 2192 926 2260 consulo,
949 2191 1021 2267 qnid
1041 2189 1106 2250 nili

238 2285 408 2345 iaciendum
431 2288 549 2362 putetis.
577 2289 607 2347 id
635 2290 715 2349 enim
741 2290 860 2349 consilii
885 2291 962 2350 mihi
988 2292 1112 2367 proiectu

237 2387 323 2446 taciti
336 2387 452 2456 dabitis,
462 2390 539 2464 quod
552 2396 668 2464 egomet
676 2390 749 2448 mihi
764 2390 931 2448 necessario
939 2392 1110 2465 capiendum

237 2485 381 2562 inteltigo.
423 2487 457 2546 Si
479 2493 542 2546 utar
564 2489 601 2545 ad
617 2489 776 2547 dicendum
796 2506 863 2546 meo
883 2489 1022 2563 legitimo
1046 2496 1109 2548 tem·

238 2601 324 2658 pore3
352 2587 411 2642 mei
431 2587 546 2656 laboris,
573 2587 732 2646 industriae
745 2586 975 2663 diligentiaeque
1000 2589 1108 2663 capiam

238 2686 381 2746 fructum:
403 2685 424 2717 ⁴⁰
434 2692 465 2742 et
475 2705 514 2744 cx
527 2687 713 2745 accusatione
727 2685 885 2760 perficium,
898 2690 932 2743 ut
953 2704 1044 2745 nemo
1056 2700 1108 2743 urn-

240 2802 326 2862 quam
347 2787 411 2859 post
424 2785 573 2843 hominum
592 2785 759 2843 memoriam
778 2785 914 2858 paratior,
936 2786 1107 2862 vigusndo,

240 2884 428 2962 compositior
448 2884 485 2941 ad
504 2885 648 2959 judicium
672 2882 790 2940 venisse
814 2883 959 2942 videatur.
1005 2884 1108 2944 Sedin

240 2986 297 3042 hac
312 2986 396 3042 laude
407 2984 565 3044 industriae
579 3001 671 3050 meae,
686 3000 750 3040 reus
763 3000 801 3040 ue
815 2982 958 3052 elabatur,
972 2996 1107 3043 sumnum

271 3136 293 3168 ³⁸
308 3136 440 3196 weumndo]
456 3135 527 3181 veluti
536 3136 694 3184 valetudinem
725 3134 845 3183 Lambinus
855 3135 1107 3196 deditrmmu

240 3186 304 3240 bene.
336 3194 382 3240 Ms.
394 3193 437 3239 Gu.
446 3193 575 3240 uenerando.

270 3271 294 3303 ³⁹
308 3269 378 3316 Nunc
393 3284 438 3328 ego,
450 3271 504 3316 2th
535 3271 610 3319 Valde
623 3274 728 3321 tentabar
742 3273 864 3333 corrigere:
883 3273 940 3322 Nou
956 3277 1025 3336 egoi.
1054 3276 1106 3324 s-

241 3345 285 3379 nou
296 3329 400 3376 consulit:
415 3344 457 3376 nec
465 3307 539 3376 voiuit
547 3332 667 3390 coumlere
679 3337 704 3380 ut
713 3333 812 3390 subjecta
821 3333 882 3380 ratio
890 3333 966 3382 docet.
977 3351 1031 3383 nem
1066 3337 1108 3382 ent

241 3403 408 3458 supervacuum.
428 3388 468 3458 ,ut
477 3403 543 3451 saepe
552 3389 575 3436 in
584 3390 646 3438 libris
661 3391 716 3438 Non
724 3397 748 3438 et
758 3392 828 3439 Nune
836 3395 860 3438 et
869 3392 938 3440 svesa
947 3350 1109 3446 confingam

241 3453 267 3497 ut
278 3449 326 3507 jam
341 3447 459 3509 ahquotres
476 3463 542 3510 supra
559 3448 660 3497 vidimus.
701 3450 787 3499 Imm
802 3451 872 3498 etan
889 3452 1032 3514 cormptioni
1047 3455 1111 3501 hm

241 3507 323 3571 potuit,
338 3506 397 3568 quod
406 3507 506 3567 proxime
514 3509 629 3569 praecedit
638 3509 715 3558 Nunc.

272 3588 294 3622 ⁴⁰
308 3591 329 3634 et
338 3601 365 3632 ec
379 3586 515 3633 accuratione
528 3589 596 3648 pers]
627 3588 674 3635 En.
690 3588 713 3636 h.
733 3590 748 3636 l.
755 3604 810 3637 ,uon
824 3590 853 3636 de
870 3589 943 3637 latina
958 3589 1110 3639 cosmodin

242 3647 333 3695 dicitur:
345 3650 422 3707 estque
431 3645 485 3691 mihi
494 3651 624 3707 suspectum·
655 3649 693 3695 An
702 3648 744 3695 tuit
751 3663 828 3694 maor.
838 3649 888 3696 Me.
899 3647 944 3696 Gn
954 3665 1002 3699 non
1012 3651 1109 3698 ubera

243 3707 302 3754 Mox
311 3721 352 3768 pro
362 3704 496 3763 winpoaitior
508 3704 617 3752 Graevius
626 3707 725 3754 malebat
734 3722 762 3754 ex
778 3708 905 3769 Interprete
916 3713 998 3756 vetere
1008 3707 1110 3768 om

242 3762 1111 3827 sanequouomndtordruitwemtetdatammr

244 3824 322 3880 wpwri
332 3827 383 3872 suut
388 3822 470 3882 parati.
