2700 4675
472 597 546 656 aar.
563 603 592 653 rr.
610 600 852 692 praebeamus.
1030 593 1091 661 251

228 751 607 825 nosoerentetjudioarent.
650 751 715 821 Qua
726 750 869 821 potestate
879 744 935 802 iate
948 744 1096 817 permissa,

228 849 249 881 ’Ὤ
260 856 290 907 ut
299 868 336 905 ex
349 850 384 905 Ο.
397 848 514 905 Fannio
525 853 602 903 etex
615 848 651 918 Q.
662 846 761 903 Tadio
771 842 966 918 cognovistia3
986 857 1097 899 verum·

228 954 327 1004 tamen
342 964 409 1003 cum
423 950 500 1001 esset
514 944 646 1001 omuibus
665 943 698 1000 iu
712 944 795 1000 rebus
815 941 994 1015 apertissime
1008 941 1098 1015 impu·

227 1044 454 1118 deotissimeque
479 1044 640 1115 praedatus,
654 1041 711 1097 boo
733 1040 826 1098 voluit
845 1040 1035 1098 clarissimum
1055 1058 1098 1097 re·

163 1136 166 1140 Δ
229 1140 513 1215 linquere‘indioium
530 1139 751 1197 latrociniorum
759 1157 890 1209 auorum3
911 1140 948 1195 de
967 1158 1024 1213 quo
1036 1156 1097 1195 non

228 1240 328 1296 audire
362 1240 526 1314 aliquando,
559 1239 611 1295 aed
645 1237 746 1296 videre
779 1238 908 1312 quotidie
939 1255 1095 1310 possemus.

228 1337 392 1409 Quaesivit,
403 1338 465 1411 quis
479 1339 581 1394 aedem
596 1337 726 1394 Castoris
736 1340 843 1392 sartam
857 1340 965 1393 teotam
978 1338 1097 1392 deberet

226 1438 349 1493 tradere.
390 1437 509 1494 Junium
525 1435 619 1507 ipsum
633 1440 776 1489 mortuum
797 1451 860 1489 esse
874 1432 1001 1489 sciebat:
1022 1431 1096 1488 scire

228 1537 355 1601 volebat,
369 1535 407 1590 ad
420 1551 505 1607 quem
519 1532 571 1588 illa
585 1549 629 1587 ree
640 1531 806 1603 pertineret.
850 1531 942 1588 Audit
956 1530 1096 1605 pupillum

221 1651 291 1689 ‘ease
304 1633 404 1690 tilium.
427 1633 522 1699 bomo,
541 1632 591 1706 qui
612 1648 727 1703 semper
749 1630 792 1687 ita
808 1633 905 1703 palam
923 1630 1095 1697 dictitasset,

227 1731 350 1803 pupillos
364 1737 394 1787 et
408 1730 531 1804 pupillas
545 1731 737 1788 certissimam
751 1731 887 1803 praedam
901 1747 964 1785 esee
984 1737 1096 1803 praeto·

227 1829 315 1895 ribus,
333 1833 462 1901 optatum
476 1829 623 1902 negotium
642 1829 698 1885 eibi
719 1828 750 1884 in
774 1829 870 1885 sinum
890 1807 1017 1884 delatum
1031 1846 1095 1884 ease

227 1927 353 1983 dicebat.
395 1927 616 1982 Monumentum
635 1925 688 1982 illa
707 1925 905 1995 amplitudine,
926 1924 978 1979 illo
999 1942 1100 1996 opere,

226 2023 360 2099 quamvis
382 2028 499 2089 sartum,
521 2026 640 2088 tectum,
662 2022 863 2094 integrumque
890 2026 975 2087 esset,
998 2026 1095 2078 tamen

227 2121 338 2195 aliquid
351 2138 382 2177 se
396 2120 590 2187 inventumm,
604 2119 635 2176 in
649 2137 705 2194 quo
719 2120 814 2175 moliri
833 2118 1019 2193 praedarique
1033 2137 1096 2193 pos·

225 2223 281 2286 aet,
295 2220 492 2277 arbitrabatur.
533 2216 554 2250 ⁴⁰
562 2220 597 2277 L.
613 2218 747 2275 Rabonio
760 2219 863 2275 aedem
878 2218 1006 2275 Castoris
1020 2219 1095 2276 tradi

225 2321 385 2392 oportebat.
406 2319 431 2376 ia
444 2337 513 2377 oaau
527 2319 630 2392 pupilli
650 2318 734 2376 Juuii
754 2324 830 2375 tutor
846 2322 907 2375 erat
920 2322 1095 2376 testamento

223 2419 323 2493 patris.
345 2436 411 2474 aum
422 2436 457 2474 eo
468 2419 531 2474 aine
542 2421 602 2473 ullo
613 2418 825 2473 intertrimento
835 2423 1014 2472 convenerat
1020 2417 1094 2487 jam,

224 2517 466 2591 quemadmodum
498 2515 663 2570 traderetur.
719 2514 779 2569 late
806 2514 843 2568 ad
871 2531 903 2568 se
930 2512 1095 2571 Rabonium

228 2618 334 2681 uocat:
354 2613 475 2685 quaerit,
496 2610 600 2684 ecquid
621 2610 668 2676 sit,
690 2612 765 2684 quod
789 2628 807 2666 a
828 2609 937 2684 pupillo
960 2609 1094 2668 traditum

224 2727 287 2771 non
301 2709 347 2776 sit,
361 2711 436 2782 quod
455 2709 535 2782 exigi
554 2710 667 2765 debeat.
722 2709 796 2764 Cum
816 2709 876 2776 ille,
889 2709 921 2766 id
934 2710 1008 2783 quod
1023 2714 1094 2778 erat,

214 2810 348 2875 diceret,
372 2807 488 2864 facilem
510 2807 619 2880 pupillo
640 2806 826 2864 traditionem
849 2825 929 2863 esse:
960 2808 1044 2880 sigua
1063 2813 1095 2863 et

224 2911 304 2967 dona
317 2923 482 2980 comparere
495 2905 610 2962 omnia:
631 2904 724 2978 ipsum
746 2907 884 2977 templum
907 2905 986 2961 omni
1006 2921 1093 2977 opere

223 3024 290 3065 esee
304 3005 459 3079 integrum:
480 3005 631 3079 indignum
653 3003 703 3060 isti
718 3003 812 3060 videri
832 3003 938 3076 eoepit,
951 3022 989 3060 ex
1011 3008 1093 3061 tanta

256 3159 280 3191 ³⁹
294 3163 321 3203 ut
330 3172 356 3202 er
366 3159 393 3204 0.
404 3159 432 3204 F.
449 3165 468 3205 et
484 3159 511 3212 Q.
525 3158 553 3205 Τ.
566 3157 710 3218 eog'aooirtt'a]
741 3156 805 3204 Haec
815 3156 902 3228 quidem
918 3157 987 3204 verba
1001 3158 1030 3204 ab
1040 3159 1062 3206 h.
1073 3160 1089 3206 l.

222 3219 293 3280 plane
303 3220 353 3260 suut
362 3216 446 3263 aliena:
461 3233 513 3264 uam
521 3219 549 3264 de
559 3222 669 3277 poteritate
679 3217 720 3264 illa
728 3232 772 3263 uon
782 3231 809 3263 ex
818 3217 865 3263 retia
875 3221 1025 3274 cognoverant
1031 3217 1091 3274 judi--

227 3290 273 3328 ces,
283 3272 323 3340 sed
331 3273 359 3340 de
368 3273 443 3319 abusu.
473 3277 530 3321 Sunt
539 3275 585 3321 siue
594 3276 661 3322 dubio
669 3277 703 3322 sic
712 3277 814 3336 ponenda
824 3281 874 3336 poet
881 3277 1006 3331 praedotata.
1017 3282 1043 3322 ut
1052 3301 1062 3312 -
1070 3303 1081 3312 ·

228 3333 366 3388 cogrwmrtrr.
376 3335 525 3378 uemmtomen
533 3333 570 3377 boc
579 3334 656 3389 uoluit,
674 3339 717 3379 eto.
757 3334 908 3380 Vemraumea
923 3336 1039 3380 molestum
1049 3334 1091 3380 suit

227 3390 283 3437 viris
294 3386 370 3455 doctie.
382 3392 406 3433 ut
422 3388 571 3456 Hotomaunp,
582 3390 618 3450 qui
632 3406 674 3450 pro
688 3406 716 3437 eo
730 3392 794 3438 scribi
811 3393 881 3438 voluit
894 3397 942 3438 tum
958 3408 1016 3446 uero,
1031 3393 1091 3460 quod

226 3461 282 3496 sane
293 3449 317 3489 et
326 3445 377 3489 burc
386 3445 436 3491 loco
445 3451 501 3492 earet
507 3445 653 3507 aptissimum:
670 3450 708 3494 sed
714 3465 741 3494 ea
749 3450 855 3496 eorrectio
862 3456 896 3496 eat
903 3450 985 3505 durior,
994 3455 1016 3494 et
1026 3450 1091 3495 armis

225 3509 295 3563 longe
306 3518 319 3546 a
329 3502 436 3562 scriptura
448 3504 553 3551 librorum
564 3506 653 3551 recedit.
685 3507 772 3568 Nempe
785 3509 876 3554 additur
885 3509 914 3554 ob
922 3508 1091 3554 antecedentem

224 3561 888 3682 tttllltoffitttttttltlattributati
897 3565 1091 3682 traditi:

376 3652 381 3672 ς
883 3659 888 3670 a

225 3699 247 3729 v.
260 3683 284 3727 ln
295 3679 367 3724 clave
377 3676 399 3722 iu
409 3677 430 3723 l1.
443 3692 464 3724 v.

214 3794 217 3802 .
253 3761 275 3794 4⁰
291 3757 320 3804 L.
333 3755 433 3823 proru'o
446 3781 456 3790 ·
470 3782 480 3790 -
494 3755 555 3804 tradi
565 3759 689 3819 pumma]
721 3761 772 3808 seir.
792 3762 846 3824 quia
862 3758 931 3807 socius
947 3755 1089 3806 redemtionis

221 3819 297 3867 luerat
306 3816 384 3870 dumo,
395 3819 420 3860 ut
428 3818 514 3876 patete
523 3816 669 3877 reqrreutibur.

262 3916 337 3958 voa.
359 3913 401 3954 rv-
638 3904 676 3958 24
696 3897 715 3934 ⁴*
