2700 4675
468 570 541 618 aar.
558 570 588 619 u.
605 570 848 619 manaremus.
1030 571 1094 629 263
1180 580 1182 587 ·

221 732 329 781 neers,
343 732 409 772 suu
429 734 543 774 sacrun
558 736 599 774 ue
611 705 802 775 anarr‘rrmo:
823 732 906 771 aare
920 731 953 770 nr
968 732 1093 770 ruarmr

223 832 324 879 caro,
340 831 422 870 aava
447 833 479 870 nr
501 834 667 872 enarrarre.
720 814 798 885 Quid
818 811 881 869 ita?
902 831 938 868 ne
961 811 1097 867 vitiosum

227 928 299 983 optus
315 909 417 968 fieret?
437 918 476 969 at.
489 908 558 969 erat·
574 913 705 984 probatio
719 916 776 967 tua.
799 929 837 966 ne
857 927 956 983 parum
970 911 1098 981 locuples

226 1007 329 1091 esset?
357 1015 387 1065 at
411 1018 482 1076 erat,
496 1015 527 1066 et
547 1013 625 1067 esset
646 1009 777 1082 amplius,
805 1008 830 1065 si
857 1010 966 1064 velles:
991 1008 1099 1080 populo

227 1112 344 1166 cautum
371 1109 522 1181 praedibus
545 1114 576 1165 et
590 1108 723 1181 praediis.
765 1107 824 1163 Hic
846 1112 875 1164 te
890 1107 973 1163 sires
987 1106 1060 1178 ipsa,
1074 1105 1100 1161 si

227 1205 387 1277 indignitas
413 1206 534 1279 iujuriae
559 1212 625 1263 tuae
640 1224 699 1262 non
712 1207 937 1274 commovebat3
958 1205 983 1261 si
997 1203 1101 1277 pupilli

227 1304 388 1371 calamitas,
413 1305 633 1386 propinquorum
659 1307 816 1375 lacrymae,
839 1305 877 1358 D.
902 1303 994 1368 Bruti,
1019 1304 1101 1375 cujus

230 1403 349 1475 praedia
362 1403 510 1460 subierunt
529 1404 699 1476 periculum,
714 1403 757 1457 M.
773 1400 910 1457 Marcelli
924 1399 1023 1455 tutoris
1038 1390 1104 1455 auc·

230 1500 331 1556 toritas
352 1502 428 1572 apud
442 1506 471 1556 te
491 1501 627 1573 ponderis
650 1499 724 1555 nihil
746 1501 887 1555 babebat:
910 1516 945 1553 ne
961 1498 1032 1553 illud
1045 1496 1105 1570 qui·

231 1598 298 1654 dem
325 1598 586 1665 animadvertebam,
614 1598 755 1670 ejusmodi
783 1598 842 1653 lore
869 1598 923 1654 lroc
951 1600 1106 1668 peccatum
1174 1571 1182 1584 ¹

232 1700 322 1763 tuum,
336 1699 411 1771 quod
426 1704 456 1754 tu
471 1716 564 1771 neque
578 1716 684 1771 negare
706 1714 804 1770 posses
825 1692 870 1771 (in
893 1696 1003 1751 tabulas
1026 1694 1107 1750 enim

240 1792 377 1872 retulisti)
393 1813 447 1852 nec
461 1813 528 1852 cum
542 1797 712 1852 defensione
731 1796 828 1867 aliqua
840 1790 994 1850 confiteri?
1017 1793 1107 1849 Addi-

235 1893 312 1950 citur
322 1893 351 1949 id
360 1912 430 1967 opus
443 1895 505 1949 H·S
518 1911 589 1949 ranx
598 1894 743 1959 millibus;
757 1909 822 1946 cum
832 1895 938 1946 tutores
948 1892 1010 1946 H·S
1022 1908 1109 1945 cxxx

239 1991 367 2048 millibus
378 1992 408 2046 id
423 2008 493 2061 opus
508 1990 545 2044 ad
559 1990 636 2044 illius
647 1988 772 2044 hominis
781 1986 953 2058 iniquissimi
963 1986 1110 2043 arbitrium

245 2107 277 2145 se
296 2088 449 2144 effecturos
463 2088 708 2147 esseclsmarent
751 2083 870 2140 Etenim
883 2084 952 2157 quid
965 2088 1028 2139 erat
1045 2100 1111 2155 ope-

243 2182 307 2243 ris?
337 2185 377 2251 iu,
400 2187 475 2259 quod
500 2202 551 2242 vas
577 2184 701 2242 vidistis.
731 2199 833 2238 omues
857 2182 926 2238 illae
950 2184 1111 2249 columnae,

241 2302 311 2360 quas
326 2286 475 2342 dealbatas
487 2284 602 2351 videtis,
613 2282 750 2341 machina
761 2281 902 2355 apposita,
911 2284 989 2339 nulla
1003 2282 1113 2354 impen-

243 2401 277 2440 sa
289 2384 431 2455 dejectae,
445 2383 610 2456 eisdemque
634 2382 777 2452 lapidibus
800 2381 943 2450 repositae
961 2386 1036 2436 sunt.
1058 2381 1114 2435 hoc

245 2486 276 2538 tu
294 2483 357 2538 H-S
373 2498 446 2537 ronx
457 2479 583 2535 millibus
598 2477 744 2534 locavisti.
787 2477 879 2549 Atqui
892 2477 923 2532 in
937 2477 995 2532 illis
1009 2479 1116 2532 colum-

247 2578 294 2637 nis
309 2579 377 2635 dico
400 2595 473 2640 esse,
488 2593 560 2648 qnae
583 2580 664 2631 aluo
685 2575 864 2645 redemptore
883 2579 1045 2630 commotae
1058 2591 1117 2631 non

246 2677 324 2734 sint:
346 2675 495 2739 dicoesse‚
509 2692 546 2729 ex
558 2691 614 2747 qua
628 2677 741 2729 tautum
755 2673 908 2728 tectorium
922 2679 1005 2729 vetus
1018 2671 1039 2704 ω
1048 2672 1119 2730 deli·

248 2781 310 2832 tum
324 2773 371 2839 sit,
382 2777 413 2828 et
427 2789 535 2828 novum
556 2771 716 2827 inductum.
760 2770 871 2840 Quodsi
894 2776 976 2827 tanta
996 2772 1121 2843 pecunia

251 2876 400 2930 columnas
414 2870 543 2935 dealbari
559 2874 715 2942 putassem,
734 2865 755 2899 ⁵³
764 2874 845 2925 certe
856 2886 1010 2941 numquam
1023 2868 1121 2925 aedili·

253 2976 343 3027 tatem
357 2969 536 3044 petivissem.
579 2969 631 3034 At,
646 2973 676 3024 ut
691 2967 825 3024 videatur
843 2973 940 3023 tamen
958 2985 1003 3023 res
1023 2967 1079 3041 agi,
1093 2971 1123 3024 et

253 3088 312 3128 non
326 3070 398 3144 eripi
410 3070 537 3144 pupillo:
560 3087 588 3124 sr
603 3086 682 3133 auru
699 3086 809 3124 ornare
823 3085 920 3123 causa
930 3085 1121 3135 asseramus,
1134 3084 1174 3141 56

256 3186 414 3226 usurario.
467 3168 545 3239 Quid
572 3173 642 3234 erat,
667 3169 743 3241 quod
771 3165 959 3234 rescinderet,
985 3184 1051 3223 cum
1072 3185 1124 3224 suo

259 3281 400 3338 quemque
420 3267 487 3320 loco
508 3264 633 3336 lapidem
657 3261 830 3338 reponeret?
857 3282 912 3327 our
934 3282 1126 3332 ascensam,
1176 3315 1179 3318 .

262 3377 414 3418 samsona
430 3377 531 3416 naum
546 3378 671 3417 russam
693 3381 734 3428 nr,
749 3380 804 3426 aar
819 3380 839 3416 a
853 3380 977 3418 versas
989 3381 1127 3419 annaur-

263 3476 349 3519 uona
363 3475 543 3514 accersam.
585 3458 719 3525 Deridet,
733 3477 797 3515 cum
817 3459 871 3515 sibi
886 3459 979 3532 ipsum
986 3461 1071 3532 jubet
1086 3476 1128 3514 sa·

291 3612 314 3644 ⁵²
329 3610 441 3670 delitum]
465 3611 525 3656 Edd.
536 3625 569 3671 pr.
577 3610 681 3657 deletum.
697 3609 782 3657 vitiose.
809 3611 1006 3660 Priscianushabet
1015 3611 1128 3668 dejectam.

289 3691 311 3724 ⁵3
326 3693 381 3734 certe
391 3703 414 3734 a.
423 3689 558 3734 aedilitatem
565 3688 698 3747 petivissem]
715 3705 744 3735 sc.
754 3689 805 3750 quia
815 3691 930 3746 aedilibus,
943 3689 1073 3751 praesertim
1082 3703 1131 3732 eum

259 3751 324 3799 ludos
335 3748 435 3803 ederent,
445 3747 503 3793 tales
513 3747 624 3808 impensae
634 3748 749 3796 faciendae
759 3754 782 3797 in
792 3750 926 3809 dealbanda,
937 3745 1069 3795 renovandis
1080 3745 1132 3792 roais

259 3807 354 3871 publicis
364 3823 371 3867 3
386 3807 447 3869 quod
456 3822 496 3854 sua
505 3805 599 3866 pecunia
606 3805 724 3855 ammas.
