2700 4675
225 598 269 657 2⁸
598 594 721 644 onsmo

226 738 334 798 icium.
376 741 492 799 Debere
510 741 564 800 tibi
577 741 650 800 dicis
666 738 836 814 Quintium:
857 733 1112 813 procuratoffle·

226 844 284 912 gat.
325 840 436 897 Vadsri
450 841 515 898 vis:
537 840 687 915 promittit.
730 837 937 912 lnjusvooas:
960 837 1108 913 sequntur.

225 935 373 995 iudicium
396 941 541 1011 postulas:
563 957 622 996 non
637 942 760 996 recusat.
804 935 881 1009 Quid
895 933 979 993 aliud
993 935 1036 994 sit
1057 940 1109 994 ab·

225 1040 338 1091 sentem
352 1035 477 1102 delendi,
491 1052 546 1108 ego
559 1053 618 1093 non
638 1035 780 1109 intelligo.
823 1035 866 1092 At
879 1032 942 1107 quis
957 1039 1025 1091 erat
1039 1051 1107 1108 pro·

221 1129 361 1189 >curator?
381 1132 477 1189 Credo
491 1133 615 1207 aliquem
628 1134 753 1207 ejectum
777 1131 934 1199 hominem,
947 1137 1105 1205 egentem,

224 1229 392 1302 litigiosum,
411 1230 580 1305 improbum,
593 1231 640 1305 qui
655 1236 753 1305 posset
765 1246 879 1288 scurrae
902 1228 1007 1287 divitis
1034 1247 1107 1305 quo

225 1327 366 1386 tidianum
379 1330 547 1388 convicium
560 1329 709 1387 sustinere.
752 1328 837 1386 Nihil
850 1327 954 1385 minus.
997 1326 1104 1402 Eques

225 1429 371 1486 Romanus
390 1432 528 1503 locuples,
541 1427 586 1485 sui
600 1427 711 1503 negotii
732 1428 808 1484 bene
822 1442 945 1501 gerens:
966 1424 1103 1501 denique

225 1526 259 1594 is,
273 1545 370 1601 quern,
391 1528 502 1600 quoties
525 1526 657 1583 Naevius
682 1526 714 1582 iu
735 1523 863 1582 Galliam
884 1521 1032 1595 protectus
1048 1528 1107 1593 est,

150 1661 154 1666 -
173 1623 214 1684 io
226 1629 436 1697 procuratorem
448 1624 559 1680 Romae
573 1621 698 1695 reliquit.
739 1622 779 1677 Et
793 1622 890 1688 audes,
902 1621 973 1677 Sex.
983 1620 1014 1676 N
1015 1621 1106 1692 aevi,

225 1737 341 1795 negare,
355 1722 503 1777 absentem
517 1719 670 1777 defensum
692 1735 756 1775 esse
771 1717 1014 1789 Quintianum
1029 1735 1104 1777 eum

225 1818 387 1877 defenderit
400 1817 487 1885 idem,
500 1817 550 1893 qui
569 1821 598 1873 te
612 1812 747 1874 solebat?
768 1820 888 1883 etcum
908 1816 933 1872 is
948 1814 1103 1887 judicium

226 1917 373 1992 acceperit
386 1935 438 1992 pro
459 1915 589 1990 Quintio,
603 1915 651 1974 cui
672 1920 702 1973 tu
717 1920 747 1973 et
760 1932 822 1973 rem
835 1920 866 1972 et
889 1915 997 1973 lamam
1016 1919 1105 1977 tuam

226 2018 428 2077 commendare
442 2015 636 2091 proficiscens,
651 2018 682 2072 et
701 2014 876 2073 concredere
897 2014 1029 2071 solebas:
1054 2032 1106 2077 co·

226 2114 303 2173 naris
328 2117 385 2173 boo
407 2116 515 2182 dicere,
529 2114 676 2173 neminem
698 2111 854 2180 exstitisse,
867 2110 917 2186 qui
945 2110 1107 2183 Quintium

222 2213 335 2286 judicio
357 2210 546 2270 defenderet?
566 2213 761 2281 Postulabam‚
783 2211 886 2286 inquit,
905 2208 968 2268 ⁶¹ut
981 2209 1108 2272 orbas·

227 2315 311 2370 retur.
353 2310 463 2386 lnjuria
487 2311 660 2385 postulabas.
702 2311 749 2370 lte
764 2310 921 2385 jubebare:
945 2312 1107 2372 recusabat

229 2411 391 2485 Alphenus.
433 2412 494 2469 ltu:
516 2428 617 2469 verum
640 2415 754 2484 praetor
775 2410 967 2468 decernebat:
988 2408 1107 2470 tribuni

226 2509 313 2584 igitur
334 2512 563 2586 appellabantur.
604 2508 663 2568 llic
687 2514 725 2578 te,
745 2509 848 2583 iuquit,
867 2513 963 2568 teneo
978 2524 1040 2565 non
1055 2514 1106 2569 est

227 2609 452 2684 istudjudioium
463 2609 534 2682 peti,
548 2625 641 2683 neque
649 2606 764 2681 judicio
772 2607 936 2674 defendere,
949 2622 1018 2663 cum
1028 2620 1106 2666 aux·

227 2707 310 2763 ilium
337 2705 489 2762 atribunis
509 2708 601 2779 petas.
643 2705 710 2762 Hoc
734 2723 798 2780 ego,
812 2723 879 2762 oum
898 2704 1028 2771 attendo,
1042 2723 1106 2780 qua

228 2803 380 2878 prudentia
393 2803 432 2860 sit
446 2802 627 2871 Hortensius,
638 2801 783 2860 dictumm
794 2821 857 2860 esse
872 2820 938 2860 eum
951 2818 1011 2859 non
1025 2804 1107 2868 arbi-

229 2908 294 2960 tror.
309 2919 375 2960 cum
394 2907 492 2960 sutem
511 2906 599 2959 antea
625 2900 734 2959 dixisse
756 2901 851 2968 audio,
866 2906 896 2958 et
919 2916 1040 2958 causam
1057 2902 1105 2977 ip-

228 3018 289 3059 sam
303 3000 463 3069 considero,
477 2999 547 3074 quid
569 2998 649 3055 aliud
662 2998 759 3055 dicere
773 2998 872 3072 possit,
893 3016 951 3057 non
972 3000 1101 3075 reperto.

229 3100 333 3156 latetur
346 3098 434 3165 enim,
447 3097 562 3154 libellos
578 3096 747 3168 Alphenum
770 3096 922 3169 dejecisse,
936 3095 1105 3158 vadimoni·

230 3214 277 3252 um
297 3195 470 3268 promisisse,
487 3193 633 3268 judicium
653 3192 724 3268 quin
749 3195 898 3268 acciperet
919 3196 951 3254 in
975 3211 1012 3251 ea
1034 3179 1105 3269 ipss

258 3369 278 3401 ⁶¹
292 3366 496 3472 tdsolmdoreluriy
520 3366 556 3414 Sic
573 3368 624 3415 edd.
641 3366 973 3472 pmlemmuwmeterlld.
990 3366 1028 3414 W.
1057 3385 1105 3423 une

229 3424 442 3472 habetsatssdorent.
497 3426 565 3485 ulgsti
576 3431 625 3488 post
634 3442 656 3474 so
671 3427 676 3438 '
715 3432 755 3482 rel,
766 3434 791 3472 ut
839 3427 923 3472 mm.
935 3426 989 3473 Alo.
1007 3441 1022 3472 u
1053 3443 1069 3473 e
1079 3429 1105 3479 in

229 3483 361 3532 recentiores
369 3484 437 3530 venit.
469 3483 603 3542 Videndum,
614 3500 642 3531 su
653 3484 683 3531 sit
692 3485 830 3531 scribendum
839 3485 962 3540 satisdores,
973 3487 999 3529 ut
1007 3498 1106 3535 comon-

229 3543 271 3590 tlst
280 3542 541 3649 seguentibusjulebore
550 3571 560 3580 -
568 3571 578 3578 -
587 3549 647 3592 uaso
656 3547 676 3590 te
686 3570 696 3578 ·
704 3569 714 3577 -
721 3547 787 3600 pctus.
819 3543 873 3589 Post
890 3542 951 3588 edidi
968 3556 1019 3588 cum
1029 3543 1109 3593 (lme-

231 3602 267 3648 sio
280 3601 303 3648 'u
317 3602 387 3657 ebore,
397 3605 422 3647 ut
430 3601 523 3658 conjecit
531 3603 693 3659 Hotomanuss,
701 3601 771 3648 edidit
780 3601 875 3662 primum
883 3600 1012 3648 leubinus.
1037 3601 1106 3651 de.

229 3664 284 3708 vett.
294 3659 378 3708 habent
390 3660 436 3706 lere
445 3658 553 3718 videbare,
564 3664 589 3708 ut
599 3661 635 3708 W.
647 3660 677 3709 R.
695 3661 721 3707 B.
732 3664 775 3708 eto.
787 3660 846 3730 quod
863 3664 940 3707 natum
957 3663 992 3706 est
1011 3659 1107 3718 syllaba

231 3719 333 3778 primoris
341 3718 436 3774 inversa,
447 3725 471 3764 ut
481 3719 600 3766 sexcenties
608 3720 691 3766 lactum
701 3723 735 3765 est
744 3719 767 3764 ln
787 3718 850 3766 hbds
865 3733 905 3767 scr.
917 3723 941 3767 et
958 3717 1010 3767 edd
1043 3717 1107 3768 Pso-

230 3777 388 3827 rtolatuseorr.
404 3777 546 3827 mumius.-
560 3777 794 3844 quodnonintelliza.
1096 3776 1102 3787 “
