2700 4675
251 517 314 579 134
409 509 534 561 casuro
547 507 612 560 rao
625 507 656 564 o
671 505 786 559 aoscro
799 503 976 558 couoeuo.

248 658 305 720 tibi
317 658 460 735 exigeres,
473 657 505 717 id
516 657 549 718 iu
570 656 741 718 societatem
759 654 914 715 recideret.
959 650 1078 730 Quurisi
1089 652 1124 710 ed

251 758 392 820 Roscium
405 758 480 817 nihil
500 757 675 832 perveniret,
688 756 763 831 quod
777 760 841 812 tua
858 751 974 812 Flavio
994 751 1123 812 smmis

251 875 308 926 ses,
321 858 380 915 nisi
394 862 423 915 te
437 856 469 915 in
482 874 564 916 suam
585 856 667 914 litem
680 853 807 937 dedisset
819 852 1023 926 cognitorem
1045 851 1082 909 ad
1094 855 1121 907 te

252 956 406 1032 pervenire
429 954 504 1012 nihii
526 955 622 1022 debet,
646 954 722 1029 quod
744 950 866 1011 Roscius
893 967 948 1026 pro
969 967 1024 1010 sua
1045 952 1121 1024 parte

252 1054 372 1128 exegit:
394 1052 528 1127 quoniam
538 1057 603 1109 tuus
616 1051 750 1126 coguitor
762 1067 823 1109 nou
833 1053 880 1107 est
897 1049 1005 1110 iactus.
1049 1048 1122 1124 Quid

254 1150 334 1210 euim
346 1150 415 1207 huic
429 1149 472 1208 rei
492 1150 665 1224 respondere
686 1148 803 1224 poteris,
818 1147 927 1216 Fauni,
941 1164 1012 1208 cum
1025 1150 1063 1208 de
1076 1165 1122 1207 sure

253 1253 335 1326 perte
358 1249 481 1308 Roscius
503 1248 641 1325 transegit
666 1265 734 1307 cum
756 1247 874 1316 Flavio,
896 1246 1050 1306 actionem
1071 1246 1119 1306 tihi

255 1353 337 1408 tuam
346 1345 612 1426 reliquitauuoui
634 1347 738 1406 Sinon
749 1345 874 1422 reliquit,
884 1347 1122 1421 quemadmodum

257 1447 511 1506 H·Sccc1oosab
531 1465 567 1505 eu
588 1451 691 1521 postea
708 1441 857 1520 exegisti?
876 1445 903 1503 si
916 1445 1047 1521 reliquit,
1060 1442 1124 1520 quid

257 1546 295 1602 ab
308 1545 365 1601 hoc
379 1545 464 1618 petis,
477 1547 553 1621 quod
565 1563 618 1619 per
640 1550 669 1602 te
688 1543 822 1619 persequi
841 1547 873 1601 et
894 1548 996 1617 petere
1020 1539 1125 1603 debes?

259 1640 417 1700 Similiima
429 1642 509 1699 enim
528 1646 560 1698 et
579 1642 708 1699 maxime
729 1642 848 1716 gemina
868 1641 998 1700 societas
1020 1641 1126 1700 heredi·

259 1738 328 1798 tatis
342 1744 396 1796 est.
437 1739 688 1811 Quemadmodum
707 1740 803 1799 socius
823 1740 857 1799 iu
880 1740 1026 1800 societate
1045 1741 1127 1798 hebd

260 1842 390 1912 partem:
420 1838 464 1896 sic
485 1839 570 1896 heres
592 1838 625 1897 ia
648 1838 812 1897 hereditate
835 1839 924 1897 habet
951 1843 1074 1914 partem.
1100 1841 1128 1897 ut

262 1937 347 1994 heres
360 1937 417 1995 sibi
429 1937 494 2006 soli,
507 1955 568 1996 non
586 1938 776 1995 coheredibus
795 1936 886 2011 petit:
906 1938 953 1998 sic
966 1937 1065 1998 socius
1077 1936 1128 1997 sthi

263 2034 328 2102 soli,
342 2052 402 2092 non
414 2036 501 2093 sociis
522 2036 613 2109 petit:
633 2041 665 2095 et
678 2037 918 2113 quemadmodum
940 2041 1063 2114 uterque
1083 2053 1129 2112 pru

263 2148 316 2189 sua
329 2138 410 2204 parte
424 2135 508 2203 petit,
529 2133 572 2190 sic
586 2152 638 2206 pro
658 2151 711 2192 sua
731 2129 812 2208 parte
825 2135 979 2194 dissolvit:
1000 2137 1086 2196 heres
1097 2151 1130 2194 ex

265 2245 318 2287 sua
330 2233 420 2301 parte,
441 2245 497 2303 qua
515 2230 708 2290 hereditatem
729 2233 817 2290 adiit:
838 2233 935 2291 socius
960 2252 1001 2293 ex
1025 2253 1071 2306 ea,
1083 2248 1132 2310 qut

267 2326 438 2386 societatem
451 2326 531 2387 coiit.
573 2330 821 2402 Quemadmodum
841 2350 923 2392 suam
938 2339 1056 2408 partem
1070 2335 1134 2393 ltus·

267 2427 331 2488 cius
344 2445 396 2486 suo
408 2429 526 2487 nomine
547 2430 712 2488 condonare
725 2431 819 2504 potuit
839 2432 962 2501 Flavio,
975 2438 1009 2492 ut
1030 2450 1095 2493 eam
1106 2436 1133 2491 tu

268 2545 329 2587 uou
352 2532 482 2602 peteres:
502 2528 555 2597 sic,
577 2545 645 2585 cum
665 2529 765 2603 exegit
786 2546 867 2587 suam
889 2535 1014 2603 partem,
1037 2538 1069 2591 et
1088 2528 1134 2591 tiri

269 2626 412 2698 integram
422 2627 593 2698 petitionem
603 2628 729 2704 reliquit,
743 2633 838 2685 tecum
850 2628 954 2703 partiri
968 2649 1030 2689 non
1041 2632 1135 2700 debetr

270 2723 328 2781 uisi
342 2724 413 2780 torte
428 2728 467 2792 tu,
488 2744 623 2798 perverso
644 2745 732 2797 more,
750 2729 824 2802 quod
847 2728 931 2804 hiu'uu
955 2734 1011 2799 est,
1026 2732 1065 2789 ab
1085 2730 1136 2789 sliu

272 2828 442 2901 extorquere
456 2841 514 2883 nou
528 2829 619 2899 potes,
633 2826 702 2884 huic
716 2825 826 2900 eripere
845 2831 939 2898 putes.
984 2829 1137 2889 Perstatiu

271 2924 418 2982 sententia
433 2925 582 2982 Saturius:
602 2926 799 3000 quodcumque
813 2923 869 2981 sibi
889 2929 974 2997 petat
993 2924 1138 2997 socius,id

273 3021 421 3078 societatis
436 3022 505 3077 fieri.
548 3025 633 3093 Quod
651 3024 677 3080 si
691 3023 731 3080 ita
745 3028 805 3080 est:
826 3039 882 3096 qua
902 3019 1044 3104 (malum)
1058 3023 1140 3085 stulti·

273 3117 317 3174 tia
331 3116 385 3173 tuit
400 3117 531 3186 Roscius,
543 3121 591 3193 qui
605 3139 642 3178 ex
650 3120 879 3195 jurisperitorum
893 3122 1025 3183 con'sitio
1039 3129 1072 3183 et
1083 3137 1139 3181 suc·

275 3214 392 3274 toritate
406 3216 619 3289 restipularetur
632 3237 650 3275 a
665 3220 782 3278 Fannio
795 3219 962 3294 diligenter,
978 3228 1020 3289 ut,
1035 3219 1140 3299 quouis

276 3312 422 3386 exegisset
436 3316 580 3383 aFlavio,
594 3316 743 3376 dimidiam
756 3323 867 3392 partem
880 3317 938 3375 sibi
951 3320 1139 3381 dissolveret:

277 3412 428 3490 siquidem,
441 3414 504 3471 sine
519 3417 654 3474 cautione
667 3422 699 3474 et
711 3414 940 3491 repromissione,
955 3420 1139 3483 nihilomiuw

278 3524 309 3585 id
323 3514 452 3582 Fannius
466 3515 609 3584 societati,
622 3517 678 3574 hoc
690 3521 743 3585 est,
757 3513 866 3586 Roscio
878 3516 1034 3579 debebat?

558 3669 863 3729 Deridsruotarauapaasu.
