<?xml version="1.0" encoding="UTF-8"?>
<!DOCTYPE html PUBLIC "-//W3C//DTD XHTML 1.0 Transitional//EN"
    "http://www.w3.org/TR/xhtml1/DTD/xhtml1-transitional.dtd">
<html xmlns="http://www.w3.org/1999/xhtml" xml:lang="en" lang="en">
 <head>
  <title>
</title>
<meta http-equiv="Content-Type" content="text/html;charset=utf-8" />
  <meta name='ocr-system' content='tesseract 3.04.00' />
  <meta name='ocr-capabilities' content='ocr_page ocr_carea ocr_par ocr_line ocrx_word'/>
</head>
<body>
  <div class='ocr_page' id='page_1' title='image "./mtvlliiciceroni04cicegoog_0253.png"; bbox 0 0 2700 4675; ppageno 0'>
   <div class='ocr_carea' id='block_1_1' title="bbox 449 565 1109 654">
    <p class='ocr_par' dir='ltr' id='par_1_1' title="bbox 449 565 1109 654">
     <span class='ocr_line' id='line_1_1' title="bbox 449 565 1109 654; baseline -0.008 -15"><span class='ocrx_word' id='word_1_1' title='bbox 449 565 453 575; x_wconf 87' lang='lat'>&#39;</span> <span class='ocrx_word' id='word_1_2' title='bbox 477 585 549 639; x_wconf 79' lang='grc' dir='ltr'>ιιι.</span> <span class='ocrx_word' id='word_1_3' title='bbox 567 587 597 638; x_wconf 90' lang='grc' dir='ltr'><strong>ιι.</strong></span> <span class='ocrx_word' id='word_1_4' title='bbox 612 588 714 640; x_wconf 77' lang='lat' dir='ltr'><strong>urnas</strong></span> <span class='ocrx_word' id='word_1_5' title='bbox 726 587 860 640; x_wconf 79' lang='lat' dir='ltr'><strong>rrimus.</strong></span> <span class='ocrx_word' id='word_1_6' title='bbox 1045 590 1109 654; x_wconf 61' lang='lat' dir='ltr'><strong>nl</strong></span> 
     </span>
    </p>
   </div>
   <div class='ocr_carea' id='block_1_2' title="bbox 226 729 1164 2864">
    <p class='ocr_par' dir='ltr' id='par_1_2' title="bbox 226 729 1164 2864">
     <span class='ocr_line' id='line_1_2' title="bbox 240 729 1111 810; baseline 0 -21"><span class='ocrx_word' id='word_1_7' title='bbox 240 748 337 807; x_wconf 85' lang='lat' dir='ltr'><strong>ecqua</strong></span> <span class='ocrx_word' id='word_1_8' title='bbox 349 735 435 809; x_wconf 76' lang='lat' dir='ltr'><strong>virgo</strong></span> <span class='ocrx_word' id='word_1_9' title='bbox 447 735 495 804; x_wconf 86' lang='lat' dir='ltr'><strong>sit,</strong></span> <span class='ocrx_word' id='word_1_10' title='bbox 509 742 559 793; x_wconf 87' lang='lat' dir='ltr'><strong>aut</strong></span> <span class='ocrx_word' id='word_1_11' title='bbox 582 738 685 795; x_wconf 86' lang='lat' dir='ltr'><strong>mulier</strong></span> <span class='ocrx_word' id='word_1_12' title='bbox 705 736 803 810; x_wconf 77' lang='lat' dir='ltr'><strong>digna,</strong></span> <span class='ocrx_word' id='word_1_13' title='bbox 816 734 1000 809; x_wconf 82' lang='lat' dir='ltr'><strong>quamobrem</strong></span> <span class='ocrx_word' id='word_1_14' title='bbox 1018 729 1039 765; x_wconf 78' lang='lat'><strong>⁸¹</strong></span> <span class='ocrx_word' id='word_1_15' title='bbox 1048 732 1111 807; x_wconf 82' lang='lat' dir='ltr'><strong>ipse</strong></span> 
     </span>
     <span class='ocr_line' id='line_1_3' title="bbox 241 824 1164 906; baseline 0.002 -19"><span class='ocrx_word' id='word_1_16' title='bbox 241 831 398 903; x_wconf 78' lang='lat' dir='ltr'><strong>Lampsaci</strong></span> <span class='ocrx_word' id='word_1_17' title='bbox 412 832 519 890; x_wconf 85' lang='lat' dir='ltr'><strong>diutius</strong></span> <span class='ocrx_word' id='word_1_18' title='bbox 532 839 733 891; x_wconf 82' lang='lat' dir='ltr'><strong>commoratur.</strong></span> <span class='ocrx_word' id='word_1_19' title='bbox 772 834 845 890; x_wconf 82' lang='lat' dir='ltr'><strong>Erat</strong></span> <span class='ocrx_word' id='word_1_20' title='bbox 866 849 965 889; x_wconf 84' lang='lat' dir='ltr'><strong>comes</strong></span> <span class='ocrx_word' id='word_1_21' title='bbox 978 830 1040 905; x_wconf 75' lang='lat' dir='ltr'><strong>qjus</strong></span> <span class='ocrx_word' id='word_1_22' title='bbox 1054 832 1111 889; x_wconf 85' lang='lat' dir='ltr'><strong>Ru·</strong></span> <span class='ocrx_word' id='word_1_23' title='bbox 1120 824 1164 906; x_wconf 62' lang='grc' dir='ltr'>ἳᾷ</span> 
     </span>
     <span class='ocr_line' id='line_1_4' title="bbox 241 927 1111 1004; baseline 0.006 -21"><span class='ocrx_word' id='word_1_24' title='bbox 241 927 320 983; x_wconf 87' lang='lat' dir='ltr'><strong>brius</strong></span> <span class='ocrx_word' id='word_1_25' title='bbox 333 928 459 1002; x_wconf 87' lang='lat' dir='ltr'><strong>quidam,</strong></span> <span class='ocrx_word' id='word_1_26' title='bbox 470 930 557 986; x_wconf 93' lang='lat' dir='ltr'><strong>homo</strong></span> <span class='ocrx_word' id='word_1_27' title='bbox 570 931 663 986; x_wconf 86' lang='lat' dir='ltr'><strong>lactus</strong></span> <span class='ocrx_word' id='word_1_28' title='bbox 675 932 713 987; x_wconf 87' lang='lat' dir='ltr'><strong>ad</strong></span> <span class='ocrx_word' id='word_1_29' title='bbox 727 930 809 987; x_wconf 85' lang='lat' dir='ltr'><strong>istius</strong></span> <span class='ocrx_word' id='word_1_30' title='bbox 818 930 965 998; x_wconf 74' lang='lat' dir='ltr'><strong>libidines,</strong></span> <span class='ocrx_word' id='word_1_31' title='bbox 975 929 1025 1004; x_wconf 89' lang='lat' dir='ltr'><strong>qui</strong></span> <span class='ocrx_word' id='word_1_32' title='bbox 1039 930 1111 988; x_wconf 91' lang='lat' dir='ltr'><strong>miro</strong></span> 
     </span>
     <span class='ocr_line' id='line_1_5' title="bbox 241 1026 1111 1103; baseline 0.005 -21"><span class='ocrx_word' id='word_1_33' title='bbox 241 1026 376 1094; x_wconf 82' lang='lat' dir='ltr'><strong>artificio,</strong></span> <span class='ocrx_word' id='word_1_34' title='bbox 389 1042 568 1101; x_wconf 86' lang='lat' dir='ltr'><strong>quocumque</strong></span> <span class='ocrx_word' id='word_1_35' title='bbox 582 1033 714 1095; x_wconf 82' lang='lat' dir='ltr'><strong>venerat,</strong></span> <span class='ocrx_word' id='word_1_36' title='bbox 726 1028 800 1086; x_wconf 83' lang='lat' dir='ltr'><strong>haec</strong></span> <span class='ocrx_word' id='word_1_37' title='bbox 813 1028 1002 1103; x_wconf 70' lang='lat' dir='ltr'><strong>investigare*</strong></span> <span class='ocrx_word' id='word_1_38' title='bbox 1011 1027 1111 1086; x_wconf 82' lang='lat' dir='ltr'><strong>omnia</strong></span> 
     </span>
     <span class='ocr_line' id='line_1_6' title="bbox 239 1125 1108 1185; baseline 0.006 -5"><span class='ocrx_word' id='word_1_39' title='bbox 239 1126 360 1182; x_wconf 76' lang='lat' dir='ltr'><strong>solebat</strong></span> <span class='ocrx_word' id='word_1_40' title='bbox 403 1125 433 1181; x_wconf 86' lang='lat' dir='ltr'><strong>ls</strong></span> <span class='ocrx_word' id='word_1_41' title='bbox 446 1126 483 1181; x_wconf 91' lang='lat' dir='ltr'><strong>ad</strong></span> <span class='ocrx_word' id='word_1_42' title='bbox 497 1129 562 1182; x_wconf 76' lang='lat' dir='ltr'><strong>sum</strong></span> <span class='ocrx_word' id='word_1_43' title='bbox 585 1143 646 1182; x_wconf 88' lang='lat' dir='ltr'><strong>rem</strong></span> <span class='ocrx_word' id='word_1_44' title='bbox 669 1125 756 1183; x_wconf 85' lang='lat' dir='ltr'><strong>istam</strong></span> <span class='ocrx_word' id='word_1_45' title='bbox 775 1127 885 1184; x_wconf 77' lang='lat' dir='ltr'><strong>defert:</strong></span> <span class='ocrx_word' id='word_1_46' title='bbox 906 1126 1108 1185; x_wconf 84' lang='lat' dir='ltr'><strong>Philodamum</strong></span> 
     </span>
     <span class='ocr_line' id='line_1_7' title="bbox 240 1224 1107 1298; baseline 0.008 -22"><span class='ocrx_word' id='word_1_47' title='bbox 240 1238 304 1277; x_wconf 83' lang='lat' dir='ltr'><strong>csse</strong></span> <span class='ocrx_word' id='word_1_48' title='bbox 318 1224 469 1297; x_wconf 86' lang='lat' dir='ltr'><strong>quendam,</strong></span> <span class='ocrx_word' id='word_1_49' title='bbox 483 1241 598 1297; x_wconf 81' lang='lat' dir='ltr'><strong>genere,</strong></span> <span class='ocrx_word' id='word_1_50' title='bbox 620 1224 739 1294; x_wconf 82' lang='lat' dir='ltr'><strong>honore,</strong></span> <span class='ocrx_word' id='word_1_51' title='bbox 762 1226 865 1298; x_wconf 87' lang='lat' dir='ltr'><strong>copiis,</strong></span> <span class='ocrx_word' id='word_1_52' title='bbox 889 1224 1107 1283; x_wconf 81' lang='lat' dir='ltr'><strong>existimatione</strong></span> 
     </span>
     <span class='ocr_line' id='line_1_8' title="bbox 238 1318 1106 1397; baseline 0.007 -23"><span class='ocrx_word' id='word_1_53' title='bbox 238 1318 324 1376; x_wconf 77' lang='lat' dir='ltr'><strong>facilc</strong></span> <span class='ocrx_word' id='word_1_54' title='bbox 341 1320 502 1394; x_wconf 88' lang='lat' dir='ltr'><strong>principem</strong></span> <span class='ocrx_word' id='word_1_55' title='bbox 526 1323 810 1395; x_wconf 78' lang='lat' dir='ltr'><strong>Lampsacenorum:</strong></span> <span class='ocrx_word' id='word_1_56' title='bbox 831 1323 893 1397; x_wconf 86' lang='lat' dir='ltr'><strong>ejus</strong></span> <span class='ocrx_word' id='word_1_57' title='bbox 920 1342 984 1379; x_wconf 86' lang='lat' dir='ltr'><strong>csse</strong></span> <span class='ocrx_word' id='word_1_58' title='bbox 1008 1324 1106 1392; x_wconf 86' lang='lat' dir='ltr'><strong>filiam,</strong></span> 
     </span>
     <span class='ocr_line' id='line_1_9' title="bbox 235 1420 1107 1495; baseline 0.007 -23"><span class='ocrx_word' id='word_1_59' title='bbox 235 1434 389 1492; x_wconf 84' lang='lat' dir='ltr'><strong>quaecum</strong></span> <span class='ocrx_word' id='word_1_60' title='bbox 402 1425 482 1493; x_wconf 89' lang='lat' dir='ltr'><strong>patre</strong></span> <span class='ocrx_word' id='word_1_61' title='bbox 497 1421 651 1487; x_wconf 85' lang='lat' dir='ltr'><strong>habitaret,</strong></span> <span class='ocrx_word' id='word_1_62' title='bbox 674 1426 826 1493; x_wconf 87' lang='lat' dir='ltr'><strong>propterea</strong></span> <span class='ocrx_word' id='word_1_63' title='bbox 850 1422 926 1495; x_wconf 93' lang='lat' dir='ltr'><strong>quod</strong></span> <span class='ocrx_word' id='word_1_64' title='bbox 941 1420 1034 1477; x_wconf 87' lang='lat' dir='ltr'><strong>virum</strong></span> <span class='ocrx_word' id='word_1_65' title='bbox 1048 1439 1107 1478; x_wconf 94' lang='lat' dir='ltr'><strong>non</strong></span> 
     </span>
     <span class='ocr_line' id='line_1_10' title="bbox 236 1513 1106 1591; baseline 0.005 -18"><span class='ocrx_word' id='word_1_66' title='bbox 236 1513 372 1584; x_wconf 67' lang='lat' dir='ltr'><strong>limeret·</strong></span> <span class='ocrx_word' id='word_1_67' title='bbox 392 1518 543 1574; x_wconf 86' lang='lat' dir='ltr'><strong>mulierem</strong></span> <span class='ocrx_word' id='word_1_68' title='bbox 576 1518 687 1576; x_wconf 81' lang='lat' dir='ltr'><strong>eximia</strong></span> <span class='ocrx_word' id='word_1_69' title='bbox 713 1517 945 1591; x_wconf 87' lang='lat' dir='ltr'><strong>pulclrritudine;</strong></span> <span class='ocrx_word' id='word_1_70' title='bbox 965 1521 1017 1575; x_wconf 85' lang='lat' dir='ltr'><strong>sed</strong></span> <span class='ocrx_word' id='word_1_71' title='bbox 1040 1537 1106 1577; x_wconf 91' lang='lat' dir='ltr'><strong>eam</strong></span> 
     </span>
     <span class='ocr_line' id='line_1_11' title="bbox 234 1616 1105 1694; baseline 0.003 -23"><span class='ocrx_word' id='word_1_72' title='bbox 234 1629 345 1672; x_wconf 82' lang='lat' dir='ltr'><strong>summa</strong></span> <span class='ocrx_word' id='word_1_73' title='bbox 371 1616 538 1694; x_wconf 82' lang='lat' dir='ltr'><strong>integritate</strong></span> <span class='ocrx_word' id='word_1_74' title='bbox 559 1616 758 1691; x_wconf 68' lang='lat' dir='ltr'><strong>pudicitiaque</strong></span> <span class='ocrx_word' id='word_1_75' title='bbox 784 1617 955 1675; x_wconf 85' lang='lat' dir='ltr'><strong>existimari.</strong></span> <span class='ocrx_word' id='word_1_76' title='bbox 998 1618 1105 1686; x_wconf 83' lang='lat' dir='ltr'><strong>Homo,</strong></span> 
     </span>
     <span class='ocr_line' id='line_1_12' title="bbox 232 1714 1103 1790; baseline 0.003 -20"><span class='ocrx_word' id='word_1_77' title='bbox 232 1717 265 1770; x_wconf 93' lang='lat' dir='ltr'><strong>ut</strong></span> <span class='ocrx_word' id='word_1_78' title='bbox 279 1714 351 1772; x_wconf 87' lang='lat' dir='ltr'><strong>haec</strong></span> <span class='ocrx_word' id='word_1_79' title='bbox 365 1715 486 1783; x_wconf 74' lang='lat' dir='ltr'><strong>audivit,</strong></span> <span class='ocrx_word' id='word_1_80' title='bbox 497 1716 540 1773; x_wconf 92' lang='lat' dir='ltr'><strong>sic</strong></span> <span class='ocrx_word' id='word_1_81' title='bbox 553 1715 663 1773; x_wconf 84' lang='lat' dir='ltr'><strong>exarsit</strong></span> <span class='ocrx_word' id='word_1_82' title='bbox 673 1717 711 1773; x_wconf 86' lang='lat' dir='ltr'><strong>ad</strong></span> <span class='ocrx_word' id='word_1_83' title='bbox 724 1716 765 1785; x_wconf 90' lang='lat' dir='ltr'><strong>id,</strong></span> <span class='ocrx_word' id='word_1_84' title='bbox 774 1717 850 1790; x_wconf 89' lang='lat' dir='ltr'><strong>quod</strong></span> <span class='ocrx_word' id='word_1_85' title='bbox 864 1734 922 1773; x_wconf 89' lang='lat' dir='ltr'><strong>non</strong></span> <span class='ocrx_word' id='word_1_86' title='bbox 941 1718 1027 1773; x_wconf 90' lang='lat' dir='ltr'><strong>modo</strong></span> <span class='ocrx_word' id='word_1_87' title='bbox 1040 1717 1103 1789; x_wconf 87' lang='lat' dir='ltr'><strong>ipse</strong></span> 
     </span>
     <span class='ocr_line' id='line_1_13' title="bbox 234 1814 1151 1889; baseline 0.007 -23"><span class='ocrx_word' id='word_1_88' title='bbox 234 1827 387 1886; x_wconf 84' lang='lat' dir='ltr'><strong>numquam</strong></span> <span class='ocrx_word' id='word_1_89' title='bbox 402 1814 524 1881; x_wconf 81' lang='lat' dir='ltr'><strong>viderat,</strong></span> <span class='ocrx_word' id='word_1_90' title='bbox 538 1815 589 1871; x_wconf 83' lang='lat' dir='ltr'><strong>sed</strong></span> <span class='ocrx_word' id='word_1_91' title='bbox 604 1833 640 1872; x_wconf 86' lang='lat' dir='ltr'><strong>nc</strong></span> <span class='ocrx_word' id='word_1_92' title='bbox 654 1815 784 1872; x_wconf 85' lang='lat' dir='ltr'><strong>audierat</strong></span> <span class='ocrx_word' id='word_1_93' title='bbox 808 1815 924 1889; x_wconf 82' lang='lat' dir='ltr'><strong>quidem</strong></span> <span class='ocrx_word' id='word_1_94' title='bbox 944 1816 981 1870; x_wconf 85' lang='lat' dir='ltr'><strong>ab</strong></span> <span class='ocrx_word' id='word_1_95' title='bbox 995 1831 1040 1881; x_wconf 84' lang='lat' dir='ltr'><strong>eo,</strong></span> <span class='ocrx_word' id='word_1_96' title='bbox 1054 1815 1103 1888; x_wconf 90' lang='lat' dir='ltr'><strong>qui</strong></span> <span class='ocrx_word' id='word_1_97' title='bbox 1149 1842 1151 1844; x_wconf 50' lang='lat'>&gt;</span> 
     </span>
     <span class='ocr_line' id='line_1_14' title="bbox 232 1907 1103 1982; baseline 0.002 -17"><span class='ocrx_word' id='word_1_98' title='bbox 232 1907 297 1982; x_wconf 87' lang='lat' dir='ltr'><strong>ipsc</strong></span> <span class='ocrx_word' id='word_1_99' title='bbox 311 1910 442 1977; x_wconf 85' lang='lat' dir='ltr'><strong>vidisset,</strong></span> <span class='ocrx_word' id='word_1_100' title='bbox 466 1912 610 1968; x_wconf 85' lang='lat' dir='ltr'><strong>utstatim</strong></span> <span class='ocrx_word' id='word_1_101' title='bbox 634 1913 671 1968; x_wconf 93' lang='lat' dir='ltr'><strong>ad</strong></span> <span class='ocrx_word' id='word_1_102' title='bbox 698 1912 901 1967; x_wconf 86' lang='lat' dir='ltr'><strong>Philodamum</strong></span> <span class='ocrx_word' id='word_1_103' title='bbox 924 1912 1047 1982; x_wconf 82' lang='lat' dir='ltr'><strong>migrare</strong></span> <span class='ocrx_word' id='word_1_104' title='bbox 1070 1929 1103 1967; x_wconf 87' lang='lat' dir='ltr'><strong>se</strong></span> 
     </span>
     <span class='ocr_line' id='line_1_15' title="bbox 230 2007 1103 2082; baseline 0.003 -20"><span class='ocrx_word' id='word_1_105' title='bbox 230 2007 343 2064; x_wconf 87' lang='lat' dir='ltr'><strong>diceret</strong></span> <span class='ocrx_word' id='word_1_106' title='bbox 356 2009 445 2064; x_wconf 82' lang='lat' dir='ltr'><strong>velle.</strong></span> <span class='ocrx_word' id='word_1_107' title='bbox 487 2008 601 2079; x_wconf 85' lang='lat' dir='ltr'><strong>Hospes</strong></span> <span class='ocrx_word' id='word_1_108' title='bbox 612 2008 630 2062; x_wconf 87' lang='lat' dir='ltr'>J</span> <span class='ocrx_word' id='word_1_109' title='bbox 633 2009 739 2075; x_wconf 87' lang='lat' dir='ltr'><strong>anitor,</strong></span> <span class='ocrx_word' id='word_1_110' title='bbox 751 2008 801 2082; x_wconf 90' lang='lat' dir='ltr'><strong>qui</strong></span> <span class='ocrx_word' id='word_1_111' title='bbox 814 2008 888 2064; x_wconf 90' lang='lat' dir='ltr'><strong>nihil</strong></span> <span class='ocrx_word' id='word_1_112' title='bbox 903 2007 1103 2079; x_wconf 83' lang='lat' dir='ltr'><strong>suspicaretur,</strong></span> 
     </span>
     <span class='ocr_line' id='line_1_16' title="bbox 232 2101 1102 2178; baseline 0.002 -17"><span class='ocrx_word' id='word_1_113' title='bbox 232 2101 355 2171; x_wconf 71' lang='lat' dir='ltr'><strong>veritus,</strong></span> <span class='ocrx_word' id='word_1_114' title='bbox 370 2102 392 2136; x_wconf 76' lang='lat'><strong>⁵⁰</strong></span> <span class='ocrx_word' id='word_1_115' title='bbox 403 2104 522 2178; x_wconf 87' lang='lat' dir='ltr'><strong>nequid</strong></span> <span class='ocrx_word' id='word_1_116' title='bbox 541 2104 573 2161; x_wconf 91' lang='lat' dir='ltr'><strong>in</strong></span> <span class='ocrx_word' id='word_1_117' title='bbox 595 2105 660 2178; x_wconf 92' lang='lat' dir='ltr'><strong>ipso</strong></span> <span class='ocrx_word' id='word_1_118' title='bbox 680 2123 711 2162; x_wconf 87' lang='lat' dir='ltr'><strong>se</strong></span> <span class='ocrx_word' id='word_1_119' title='bbox 732 2106 932 2172; x_wconf 82' lang='lat' dir='ltr'><strong>offenderetur,</strong></span> <span class='ocrx_word' id='word_1_120' title='bbox 954 2106 1102 2163; x_wconf 83' lang='lat' dir='ltr'><strong>hominem</strong></span> 
     </span>
     <span class='ocr_line' id='line_1_17' title="bbox 233 2202 1101 2279; baseline 0.002 -20"><span class='ocrx_word' id='word_1_121' title='bbox 233 2202 391 2259; x_wconf 80' lang='lat' dir='ltr'><strong>autumavi</strong></span> <span class='ocrx_word' id='word_1_122' title='bbox 413 2203 537 2260; x_wconf 84' lang='lat' dir='ltr'><strong>retinere</strong></span> <span class='ocrx_word' id='word_1_123' title='bbox 559 2203 665 2275; x_wconf 87' lang='lat' dir='ltr'><strong>coepit.</strong></span> <span class='ocrx_word' id='word_1_124' title='bbox 709 2204 778 2273; x_wconf 79' lang='lat' dir='ltr'><strong>late,</strong></span> <span class='ocrx_word' id='word_1_125' title='bbox 799 2204 849 2279; x_wconf 91' lang='lat' dir='ltr'><strong>qui</strong></span> <span class='ocrx_word' id='word_1_126' title='bbox 870 2204 990 2277; x_wconf 86' lang='lat' dir='ltr'><strong>hospitis</strong></span> <span class='ocrx_word' id='word_1_127' title='bbox 1015 2204 1101 2262; x_wconf 84' lang='lat' dir='ltr'><strong>relin-</strong></span> 
     </span>
     <span class='ocr_line' id='line_1_18' title="bbox 226 2301 1107 2377; baseline 0.002 -19"><span class='ocrx_word' id='word_1_128' title='bbox 226 2301 336 2377; x_wconf 86' lang='lat' dir='ltr'><strong>quendi</strong></span> <span class='ocrx_word' id='word_1_129' title='bbox 348 2318 465 2359; x_wconf 88' lang='lat' dir='ltr'><strong>causam</strong></span> <span class='ocrx_word' id='word_1_130' title='bbox 488 2301 613 2375; x_wconf 84' lang='lat' dir='ltr'><strong>reperire</strong></span> <span class='ocrx_word' id='word_1_131' title='bbox 626 2319 687 2360; x_wconf 93' lang='lat' dir='ltr'><strong>non</strong></span> <span class='ocrx_word' id='word_1_132' title='bbox 708 2308 815 2375; x_wconf 89' lang='lat' dir='ltr'><strong>posset,</strong></span> <span class='ocrx_word' id='word_1_133' title='bbox 835 2302 894 2359; x_wconf 82' lang='lat' dir='ltr'><strong>alia</strong></span> <span class='ocrx_word' id='word_1_134' title='bbox 914 2301 971 2359; x_wconf 88' lang='lat' dir='ltr'><strong>sihi</strong></span> <span class='ocrx_word' id='word_1_135' title='bbox 984 2302 1107 2360; x_wconf 78' lang='lat' dir='ltr'><strong>ratione.</strong></span> 
     </span>
     <span class='ocr_line' id='line_1_19' title="bbox 231 2399 1098 2473; baseline 0.002 -17"><span class='ocrx_word' id='word_1_136' title='bbox 231 2399 312 2457; x_wconf 78' lang='lat' dir='ltr'><strong>viam</strong></span> <span class='ocrx_word' id='word_1_137' title='bbox 332 2402 443 2458; x_wconf 86' lang='lat' dir='ltr'><strong>munire</strong></span> <span class='ocrx_word' id='word_1_138' title='bbox 467 2403 503 2458; x_wconf 88' lang='lat' dir='ltr'><strong>ad</strong></span> <span class='ocrx_word' id='word_1_139' title='bbox 528 2407 656 2473; x_wconf 86' lang='lat' dir='ltr'><strong>stuprum</strong></span> <span class='ocrx_word' id='word_1_140' title='bbox 679 2402 793 2473; x_wconf 85' lang='lat' dir='ltr'><strong>coepit:</strong></span> <span class='ocrx_word' id='word_1_141' title='bbox 815 2401 963 2466; x_wconf 80' lang='lat' dir='ltr'><strong>Rubrium,</strong></span> <span class='ocrx_word' id='word_1_142' title='bbox 977 2402 1098 2458; x_wconf 82' lang='lat' dir='ltr'><strong>delicias</strong></span> 
     </span>
     <span class='ocr_line' id='line_1_20' title="bbox 229 2497 1103 2570; baseline 0.001 -15"><span class='ocrx_word' id='word_1_143' title='bbox 229 2514 306 2564; x_wconf 81' lang='lat' dir='ltr'><strong>suaa,</strong></span> <span class='ocrx_word' id='word_1_144' title='bbox 319 2499 351 2555; x_wconf 91' lang='lat' dir='ltr'><strong>in</strong></span> <span class='ocrx_word' id='word_1_145' title='bbox 363 2499 495 2556; x_wconf 88' lang='lat' dir='ltr'><strong>omnihus</strong></span> <span class='ocrx_word' id='word_1_146' title='bbox 515 2497 656 2570; x_wconf 85' lang='lat' dir='ltr'><strong>ejusmodi</strong></span> <span class='ocrx_word' id='word_1_147' title='bbox 680 2498 764 2553; x_wconf 84' lang='lat' dir='ltr'><strong>rebus</strong></span> <span class='ocrx_word' id='word_1_148' title='bbox 786 2498 946 2570; x_wconf 86' lang='lat' dir='ltr'><strong>adjutorem</strong></span> <span class='ocrx_word' id='word_1_149' title='bbox 966 2515 1048 2554; x_wconf 82' lang='lat' dir='ltr'><strong>suum</strong></span> <span class='ocrx_word' id='word_1_150' title='bbox 1069 2503 1103 2556; x_wconf 84' lang='lat' dir='ltr'><strong>et-</strong></span> 
     </span>
     <span class='ocr_line' id='line_1_21' title="bbox 230 2593 1098 2667; baseline 0 -14"><span class='ocrx_word' id='word_1_151' title='bbox 230 2596 392 2662; x_wconf 87' lang='lat' dir='ltr'><strong>conscium,</strong></span> <span class='ocrx_word' id='word_1_152' title='bbox 405 2612 504 2667; x_wconf 89' lang='lat' dir='ltr'><strong>parum</strong></span> <span class='ocrx_word' id='word_1_153' title='bbox 524 2597 602 2651; x_wconf 89' lang='lat' dir='ltr'><strong>laute</strong></span> <span class='ocrx_word' id='word_1_154' title='bbox 627 2594 774 2650; x_wconf 76' lang='lat' dir='ltr'><strong>deversari</strong></span> <span class='ocrx_word' id='word_1_155' title='bbox 794 2593 882 2650; x_wconf 90' lang='lat' dir='ltr'><strong>dicit:</strong></span> <span class='ocrx_word' id='word_1_156' title='bbox 903 2595 940 2650; x_wconf 88' lang='lat' dir='ltr'><strong>ad</strong></span> <span class='ocrx_word' id='word_1_157' title='bbox 963 2595 1098 2653; x_wconf 85' lang='lat' dir='ltr'><strong>Philoda-</strong></span> 
     </span>
     <span class='ocr_line' id='line_1_22' title="bbox 228 2690 1097 2765; baseline 0.002 -15"><span class='ocrx_word' id='word_1_158' title='bbox 228 2709 309 2752; x_wconf 91' lang='lat' dir='ltr'><strong>mum</strong></span> <span class='ocrx_word' id='word_1_159' title='bbox 320 2693 424 2748; x_wconf 84' lang='lat' dir='ltr'><strong>deduci</strong></span> <span class='ocrx_word' id='word_1_160' title='bbox 431 2692 525 2765; x_wconf 89' lang='lat' dir='ltr'><strong>jubet.</strong></span> <span class='ocrx_word' id='word_1_161' title='bbox 568 2693 653 2763; x_wconf 76' lang='lat' dir='ltr'><strong>Quod</strong></span> <span class='ocrx_word' id='word_1_162' title='bbox 666 2691 716 2747; x_wconf 91' lang='lat' dir='ltr'><strong>uhi</strong></span> <span class='ocrx_word' id='word_1_163' title='bbox 730 2697 774 2747; x_wconf 84' lang='lat' dir='ltr'><strong>est</strong></span> <span class='ocrx_word' id='word_1_164' title='bbox 788 2690 960 2749; x_wconf 89' lang='lat' dir='ltr'><strong>Philodamo</strong></span> <span class='ocrx_word' id='word_1_165' title='bbox 978 2694 1097 2752; x_wconf 88' lang='lat' dir='ltr'><strong>nuncia·</strong></span> 
     </span>
     <span class='ocr_line' id='line_1_23' title="bbox 228 2789 1094 2864; baseline 0.002 -16"><span class='ocrx_word' id='word_1_166' title='bbox 228 2795 300 2859; x_wconf 86' lang='lat' dir='ltr'><strong>tum,</strong></span> <span class='ocrx_word' id='word_1_167' title='bbox 310 2790 426 2849; x_wconf 82' lang='lat' dir='ltr'><strong>tametsi</strong></span> <span class='ocrx_word' id='word_1_168' title='bbox 439 2794 502 2846; x_wconf 87' lang='lat' dir='ltr'><strong>erat</strong></span> <span class='ocrx_word' id='word_1_169' title='bbox 511 2790 636 2864; x_wconf 86' lang='lat' dir='ltr'><strong>ignarus,</strong></span> <span class='ocrx_word' id='word_1_170' title='bbox 650 2795 787 2864; x_wconf 90' lang='lat' dir='ltr'><strong>quantum</strong></span> <span class='ocrx_word' id='word_1_171' title='bbox 805 2789 862 2845; x_wconf 88' lang='lat' dir='ltr'><strong>sihi</strong></span> <span class='ocrx_word' id='word_1_172' title='bbox 875 2807 910 2847; x_wconf 90' lang='lat' dir='ltr'><strong>ac</strong></span> <span class='ocrx_word' id='word_1_173' title='bbox 924 2789 1022 2847; x_wconf 85' lang='lat' dir='ltr'><strong>liberis</strong></span> <span class='ocrx_word' id='word_1_174' title='bbox 1036 2793 1094 2850; x_wconf 87' lang='lat' dir='ltr'><strong>suis</strong></span> 
     </span>
    </p>
   </div>
   <div class='ocr_carea' id='block_1_3' title="bbox 226 2948 1093 3188">
    <p class='ocr_par' dir='ltr' id='par_1_3' title="bbox 226 2948 1093 3188">
     <span class='ocr_line' id='line_1_24' title="bbox 256 2948 1093 3010; baseline -0.001 -12"><span class='ocrx_word' id='word_1_175' title='bbox 256 2950 279 2984; x_wconf 76' lang='lat'><strong>⁵⁵</strong></span> <span class='ocrx_word' id='word_1_176' title='bbox 292 2951 332 2998; x_wconf 73' lang='lat' dir='ltr'><strong>iste</strong></span> <span class='ocrx_word' id='word_1_177' title='bbox 340 2951 427 3004; x_wconf 78' lang='lat' dir='ltr'><strong>dictim</strong></span> <span class='ocrx_word' id='word_1_178' title='bbox 436 2951 624 3005; x_wconf 60' lang='lat' dir='ltr'><strong>commoraretur]</strong></span> <span class='ocrx_word' id='word_1_179' title='bbox 656 2949 767 2997; x_wconf 79' lang='lat' dir='ltr'><strong>Latinitas</strong></span> <span class='ocrx_word' id='word_1_180' title='bbox 773 2949 837 3007; x_wconf 89' lang='lat' dir='ltr'><strong>jubet</strong></span> <span class='ocrx_word' id='word_1_181' title='bbox 843 2948 937 2996; x_wconf 83' lang='lat' dir='ltr'><strong>scribere</strong></span> <span class='ocrx_word' id='word_1_182' title='bbox 943 2956 1093 3010; x_wconf 73' lang='grc' dir='ltr'>ωινιιονιιιιν,</span> 
     </span>
     <span class='ocr_line' id='line_1_25' title="bbox 226 2986 1093 3071; baseline 0.001 -15"><span class='ocrx_word' id='word_1_183' title='bbox 226 3009 278 3056; x_wconf 78' lang='lat' dir='ltr'><strong>et&#39;</strong></span> <span class='ocrx_word' id='word_1_184' title='bbox 261 3024 292 3056; x_wconf 84' lang='lat' dir='ltr'><strong>sm</strong></span> <span class='ocrx_word' id='word_1_185' title='bbox 301 3011 369 3057; x_wconf 82' lang='lat' dir='ltr'><strong>edidi.</strong></span> <span class='ocrx_word' id='word_1_186' title='bbox 401 3010 494 3058; x_wconf 78' lang='lat' dir='ltr'><strong>Credidi</strong></span> <span class='ocrx_word' id='word_1_187' title='bbox 503 3011 585 3057; x_wconf 89' lang='lat' dir='ltr'><strong>dudum</strong></span> <span class='ocrx_word' id='word_1_188' title='bbox 595 3009 685 3071; x_wconf 71' lang='lat' dir='ltr'><strong>prolata</strong></span> <span class='ocrx_word' id='word_1_189' title='bbox 694 3009 834 3068; x_wconf 78' lang='lat' dir='ltr'><strong>legandum&#39;</strong></span> <span class='ocrx_word' id='word_1_190' title='bbox 825 3023 885 3065; x_wconf 70' lang='lat' dir='ltr'><strong>ipse</strong></span> <span class='ocrx_word' id='word_1_191' title='bbox 900 3024 951 3055; x_wconf 89' lang='lat' dir='ltr'><strong>nam</strong></span> <span class='ocrx_word' id='word_1_192' title='bbox 961 3008 1055 3057; x_wconf 72' lang='lat' dir='ltr'><strong>ratam</strong></span> <span class='ocrx_word' id='word_1_193' title='bbox 1063 2986 1093 3059; x_wconf 79' lang='lat' dir='ltr'><strong>mi</strong></span> 
     </span>
     <span class='ocr_line' id='line_1_26' title="bbox 226 3067 1092 3129; baseline 0.003 -15"><span class='ocrx_word' id='word_1_194' title='bbox 226 3068 281 3124; x_wconf 73' lang='lat' dir='ltr'><strong>tais,</strong></span> <span class='ocrx_word' id='word_1_195' title='bbox 288 3070 454 3117; x_wconf 83' lang='lat' dir='ltr'><strong>etadVarrem.</strong></span> <span class='ocrx_word' id='word_1_196' title='bbox 479 3068 567 3125; x_wconf 85' lang='lat' dir='ltr'><strong>Cicero,</strong></span> <span class='ocrx_word' id='word_1_197' title='bbox 575 3084 625 3116; x_wconf 89' lang='lat' dir='ltr'><strong>cum</strong></span> <span class='ocrx_word' id='word_1_198' title='bbox 635 3083 708 3114; x_wconf 77' lang='grc' dir='ltr'>ειιιιιιι</span> <span class='ocrx_word' id='word_1_199' title='bbox 716 3083 809 3129; x_wconf 79' lang='lat' dir='ltr'><strong>persona</strong></span> <span class='ocrx_word' id='word_1_200' title='bbox 819 3067 923 3128; x_wconf 87' lang='lat' dir='ltr'><strong>loquitur,</strong></span> <span class='ocrx_word' id='word_1_201' title='bbox 931 3067 985 3114; x_wconf 86' lang='lat' dir='ltr'><strong>dicit</strong></span> <span class='ocrx_word' id='word_1_202' title='bbox 993 3067 1039 3127; x_wconf 74' lang='lat' dir='ltr'><strong>ide,</strong></span> <span class='ocrx_word' id='word_1_203' title='bbox 1048 3084 1092 3117; x_wconf 86' lang='lat' dir='ltr'><strong>non</strong></span> 
     </span>
     <span class='ocr_line' id='line_1_27' title="bbox 227 3126 738 3188; baseline -0.002 -15"><span class='ocrx_word' id='word_1_204' title='bbox 227 3142 278 3173; x_wconf 86' lang='lat' dir='ltr'><strong>cum</strong></span> <span class='ocrx_word' id='word_1_205' title='bbox 287 3142 300 3173; x_wconf 90' lang='lat' dir='ltr'><strong>e</strong></span> <span class='ocrx_word' id='word_1_206' title='bbox 309 3142 402 3188; x_wconf 84' lang='lat' dir='ltr'><strong>persona</strong></span> <span class='ocrx_word' id='word_1_207' title='bbox 410 3128 494 3175; x_wconf 88' lang='lat' dir='ltr'><strong>Vcrns</strong></span> <span class='ocrx_word' id='word_1_208' title='bbox 526 3128 613 3174; x_wconf 82' lang='lat' dir='ltr'><strong>Ecce&#39;</strong></span> <span class='ocrx_word' id='word_1_209' title='bbox 595 3143 626 3174; x_wconf 82' lang='lat' dir='ltr'><strong>arc</strong></span> <span class='ocrx_word' id='word_1_210' title='bbox 636 3128 683 3174; x_wconf 87' lang='lat' dir='ltr'><strong>Ms.</strong></span> <span class='ocrx_word' id='word_1_211' title='bbox 694 3126 738 3172; x_wconf 84' lang='lat' dir='ltr'><strong>(lu</strong></span> 
     </span>
    </p>
   </div>
   <div class='ocr_carea' id='block_1_4' title="bbox 227 3203 1091 3449">
    <p class='ocr_par' dir='ltr' id='par_1_4' title="bbox 227 3203 1091 3448">
     <span class='ocr_line' id='line_1_28' title="bbox 256 3203 1088 3309; baseline 0.004 -58"><span class='ocrx_word' id='word_1_212' title='bbox 256 3206 279 3238; x_wconf 66' lang='grc' dir='ltr'><strong>ὅθ</strong></span> <span class='ocrx_word' id='word_1_213' title='bbox 293 3221 322 3252; x_wconf 84' lang='grc' dir='ltr'><strong>ιιι</strong></span> <span class='ocrx_word' id='word_1_214' title='bbox 359 3208 474 3264; x_wconf 78' lang='lat' dir='ltr'><strong>&#39;inipso</strong></span> <span class='ocrx_word' id='word_1_215' title='bbox 482 3207 616 3264; x_wconf 61' lang='lat' dir='ltr'><strong>reomada</strong></span> <span class='ocrx_word' id='word_1_216' title='bbox 518 3207 684 3309; x_wconf 62' lang='lat' dir='ltr'><strong>odhadaatar.l</strong></span> <span class='ocrx_word' id='word_1_217' title='bbox 716 3204 752 3252; x_wconf 85' lang='lat' dir='ltr'><strong>Sic</strong></span> <span class='ocrx_word' id='word_1_218' title='bbox 762 3203 818 3251; x_wconf 80' lang='grc' dir='ltr'><strong>Μιι</strong></span> <span class='ocrx_word' id='word_1_219' title='bbox 831 3204 898 3250; x_wconf 82' lang='lat' dir='ltr'><strong>etiam</strong></span> <span class='ocrx_word' id='word_1_220' title='bbox 908 3204 950 3253; x_wconf 82' lang='lat' dir='ltr'><strong>Gn</strong></span> <span class='ocrx_word' id='word_1_221' title='bbox 959 3210 983 3252; x_wconf 85' lang='lat' dir='ltr'><strong>ct</strong></span> <span class='ocrx_word' id='word_1_222' title='bbox 992 3207 1042 3252; x_wconf 86' lang='lat' dir='ltr'><strong>cdd.</strong></span> <span class='ocrx_word' id='word_1_223' title='bbox 1054 3222 1088 3269; x_wconf 86' lang='lat' dir='ltr'><strong>pr.</strong></span> 
     </span>
     <span class='ocr_line' id='line_1_29' title="bbox 228 3241 1091 3333; baseline 0.002 -23"><span class='ocrx_word' id='word_1_224' title='bbox 228 3263 288 3333; x_wconf 82' lang='lat' dir='ltr'><strong>quod</strong></span> <span class='ocrx_word' id='word_1_225' title='bbox 296 3278 332 3308; x_wconf 90' lang='lat' dir='ltr'><strong>ma</strong></span> <span class='ocrx_word' id='word_1_226' title='bbox 341 3263 363 3308; x_wconf 88' lang='lat' dir='ltr'><strong>ui</strong></span> <span class='ocrx_word' id='word_1_227' title='bbox 372 3265 440 3333; x_wconf 82' lang='lat' dir='ltr'><strong>sequi,</strong></span> <span class='ocrx_word' id='word_1_228' title='bbox 450 3279 516 3325; x_wconf 90' lang='lat' dir='ltr'><strong>quam</strong></span> <span class='ocrx_word' id='word_1_229' title='bbox 523 3265 640 3311; x_wconf 81' lang='lat' dir='ltr'><strong>lectionem</strong></span> <span class='ocrx_word' id='word_1_230' title='bbox 652 3268 672 3312; x_wconf 76' lang='grc' dir='ltr'>Α</span> <span class='ocrx_word' id='word_1_231' title='bbox 672 3241 763 3320; x_wconf 80' lang='lat' dir='ltr'><strong>ididam,</strong></span> <span class='ocrx_word' id='word_1_232' title='bbox 773 3278 802 3309; x_wconf 84' lang='grc' dir='ltr'><strong>ιιι</strong></span> <span class='ocrx_word' id='word_1_233' title='bbox 810 3263 883 3322; x_wconf 70' lang='lat' dir='ltr'><strong>quid·</strong></span> <span class='ocrx_word' id='word_1_234' title='bbox 872 3279 900 3309; x_wconf 83' lang='grc' dir='ltr'><strong>ιιι</strong></span> <span class='ocrx_word' id='word_1_235' title='bbox 913 3264 957 3320; x_wconf 81' lang='lat' dir='ltr'><strong>ipso</strong></span> <span class='ocrx_word' id='word_1_236' title='bbox 967 3280 988 3310; x_wconf 76' lang='lat' dir='ltr'><strong>aa</strong></span> <span class='ocrx_word' id='word_1_237' title='bbox 996 3266 1091 3322; x_wconf 63' lang='lat' dir='ltr'><strong>offenda</strong></span> 
     </span>
     <span class='ocr_line' id='line_1_30' title="bbox 227 3321 1090 3391; baseline 0 -22"><span class='ocrx_word' id='word_1_238' title='bbox 227 3323 268 3375; x_wconf 75' lang='lat' dir='ltr'><strong>rit,</strong></span> <span class='ocrx_word' id='word_1_239' title='bbox 277 3335 333 3380; x_wconf 86' lang='lat' dir='ltr'><strong>quae</strong></span> <span class='ocrx_word' id='word_1_240' title='bbox 341 3326 365 3366; x_wconf 84' lang='lat' dir='ltr'><strong>et</strong></span> <span class='ocrx_word' id='word_1_241' title='bbox 373 3321 481 3369; x_wconf 82' lang='lat' dir='ltr'><strong>incertum</strong></span> <span class='ocrx_word' id='word_1_242' title='bbox 488 3328 530 3378; x_wconf 80' lang='lat' dir='ltr'><strong>ast,</strong></span> <span class='ocrx_word' id='word_1_243' title='bbox 548 3323 607 3369; x_wconf 87' lang='lat' dir='ltr'><strong>unde</strong></span> <span class='ocrx_word' id='word_1_244' title='bbox 620 3323 656 3378; x_wconf 73' lang='lat' dir='ltr'><strong>sit,</strong></span> <span class='ocrx_word' id='word_1_245' title='bbox 666 3329 691 3368; x_wconf 84' lang='lat' dir='ltr'><strong>at</strong></span> <span class='ocrx_word' id='word_1_246' title='bbox 699 3323 747 3382; x_wconf 85' lang='lat' dir='ltr'><strong>ipsa</strong></span> <span class='ocrx_word' id='word_1_247' title='bbox 751 3336 842 3389; x_wconf 87' lang='lat' dir='ltr'><strong>quoque</strong></span> <span class='ocrx_word' id='word_1_248' title='bbox 852 3322 920 3368; x_wconf 86' lang='lat' dir='ltr'><strong>habet</strong></span> <span class='ocrx_word' id='word_1_249' title='bbox 928 3322 1012 3391; x_wconf 85' lang='lat' dir='ltr'><strong>aliquid</strong></span> <span class='ocrx_word' id='word_1_250' title='bbox 1021 3325 1090 3370; x_wconf 80' lang='lat' dir='ltr'><strong>otlan-</strong></span> 
     </span>
     <span class='ocr_line' id='line_1_31' title="bbox 227 3335 1088 3449; baseline -0.002 -22"><span class='ocrx_word' id='word_1_251' title='bbox 227 3335 304 3434; x_wconf 79' lang='lat' dir='ltr'><strong>sionis,</strong></span> <span class='ocrx_word' id='word_1_252' title='bbox 318 3383 345 3424; x_wconf 86' lang='lat' dir='ltr'><strong>nt</strong></span> <span class='ocrx_word' id='word_1_253' title='bbox 365 3379 473 3427; x_wconf 84' lang='lat' dir='ltr'><strong>Graevius</strong></span> <span class='ocrx_word' id='word_1_254' title='bbox 490 3394 513 3425; x_wconf 78' lang='lat' dir='ltr'><strong>aa</strong></span> <span class='ocrx_word' id='word_1_255' title='bbox 527 3379 583 3425; x_wconf 85' lang='lat' dir='ltr'><strong>velit</strong></span> <span class='ocrx_word' id='word_1_256' title='bbox 600 3380 684 3438; x_wconf 82' lang='lat' dir='ltr'><strong>deleri,</strong></span> <span class='ocrx_word' id='word_1_257' title='bbox 699 3379 780 3448; x_wconf 71' lang='lat' dir='ltr'><strong>nascio,</strong></span> <span class='ocrx_word' id='word_1_258' title='bbox 799 3395 867 3449; x_wconf 85' lang='lat' dir='ltr'><strong>quare</strong></span> <span class='ocrx_word' id='word_1_259' title='bbox 881 3395 925 3427; x_wconf 89' lang='lat' dir='ltr'><strong>non</strong></span> <span class='ocrx_word' id='word_1_260' title='bbox 943 3381 1016 3440; x_wconf 87' lang='lat' dir='ltr'><strong>potius</strong></span> <span class='ocrx_word' id='word_1_261' title='bbox 1034 3383 1088 3436; x_wconf 82' lang='lat' dir='ltr'><strong>ipro.</strong></span> 
     </span>
    </p>
   </div>
   <div class='ocr_carea' id='block_1_5' title="bbox 226 3412 1159 3798">
    <p class='ocr_par' dir='ltr' id='par_1_5' title="bbox 226 3412 1159 3790">
     <span class='ocr_line' id='line_1_32' title="bbox 227 3412 1088 3542; baseline -0.001 -57"><span class='ocrx_word' id='word_1_262' title='bbox 227 3436 318 3485; x_wconf 87' lang='lat' dir='ltr'><strong>Phrasis</strong></span> <span class='ocrx_word' id='word_1_263' title='bbox 326 3437 456 3495; x_wconf 67' lang='lat' dir='ltr'><strong>ofaadera&#39;</strong></span> <span class='ocrx_word' id='word_1_264' title='bbox 446 3453 473 3484; x_wconf 84' lang='lat' dir='ltr'><strong>aa</strong></span> <span class='ocrx_word' id='word_1_265' title='bbox 480 3437 561 3542; x_wconf 68' lang='lat' dir='ltr'><strong>qinom,</strong></span> <span class='ocrx_word' id='word_1_266' title='bbox 571 3452 628 3498; x_wconf 81' lang='lat' dir='ltr'><strong>quae</strong></span> <span class='ocrx_word' id='word_1_267' title='bbox 637 3441 671 3483; x_wconf 84' lang='lat' dir='ltr'><strong>est</strong></span> <span class='ocrx_word' id='word_1_268' title='bbox 676 3412 831 3504; x_wconf 72' lang='lat' dir='ltr'><strong>cheroniam,</strong></span> <span class='ocrx_word' id='word_1_269' title='bbox 841 3437 953 3495; x_wconf 73' lang='lat' dir='ltr'><strong>sigiriticnt,</strong></span> <span class='ocrx_word' id='word_1_270' title='bbox 967 3438 997 3483; x_wconf 86' lang='lat' dir='ltr'><strong>ab</strong></span> <span class='ocrx_word' id='word_1_271' title='bbox 1005 3438 1088 3494; x_wconf 87' lang='lat' dir='ltr'><strong>alluo,</strong></span> 
     </span>
     <span class='ocr_line' id='line_1_33' title="bbox 227 3453 1159 3564; baseline -0.004 -22"><span class='ocrx_word' id='word_1_272' title='bbox 227 3494 454 3554; x_wconf 82' lang='lat' dir='ltr'><strong>velalicujuscnusa,</strong></span> <span class='ocrx_word' id='word_1_273' title='bbox 464 3495 532 3543; x_wconf 45' lang='lat' dir='ltr'><strong>al*</strong></span> <span class='ocrx_word' id='word_1_274' title='bbox 510 3493 815 3563; x_wconf 71' lang='lat' dir='ltr'><strong>urdinmmmodimcephm,</strong></span> <span class='ocrx_word' id='word_1_275' title='bbox 832 3453 1089 3564; x_wconf 44' lang='grc' dir='ltr'>ιιιιυοάιιηιιιι-Ιὲ·</span> <span class='ocrx_word' id='word_1_276' title='bbox 1157 3534 1159 3538; x_wconf 79' lang='grc'>,</span> 
     </span>
     <span class='ocr_line' id='line_1_34' title="bbox 228 3552 1089 3622; baseline -0.002 -21"><span class='ocrx_word' id='word_1_277' title='bbox 228 3555 329 3608; x_wconf 84' lang='lat' dir='ltr'><strong>deretur,</strong></span> <span class='ocrx_word' id='word_1_278' title='bbox 339 3553 438 3601; x_wconf 82' lang='lat' dir='ltr'><strong>cherri</strong></span> <span class='ocrx_word' id='word_1_279' title='bbox 448 3553 497 3615; x_wconf 83' lang='lat' dir='ltr'><strong>disp</strong></span> <span class='ocrx_word' id='word_1_280' title='bbox 564 3553 653 3599; x_wconf 85' lang='lat' dir='ltr'><strong>.Hoc</strong></span> <span class='ocrx_word' id='word_1_281' title='bbox 671 3552 822 3622; x_wconf 82' lang='lat' dir='ltr'><strong>exprirnrtura</strong></span> <span class='ocrx_word' id='word_1_282' title='bbox 837 3554 945 3601; x_wconf 82' lang='lat' dir='ltr'><strong>Cicerone</strong></span> <span class='ocrx_word' id='word_1_283' title='bbox 962 3569 1003 3613; x_wconf 86' lang='lat' dir='ltr'><strong>per</strong></span> <span class='ocrx_word' id='word_1_284' title='bbox 1020 3553 1089 3622; x_wconf 86' lang='lat' dir='ltr'><strong>passi-</strong></span> 
     </span>
     <span class='ocr_line' id='line_1_35' title="bbox 226 3569 1089 3718; baseline -0.005 -59"><span class='ocrx_word' id='word_1_285' title='bbox 226 3628 287 3660; x_wconf 84' lang='lat' dir='ltr'><strong>vum.</strong></span> <span class='ocrx_word' id='word_1_286' title='bbox 299 3626 320 3656; x_wconf 88' lang='grc' dir='ltr'><strong>ι.</strong></span> <span class='ocrx_word' id='word_1_287' title='bbox 332 3569 497 3659; x_wconf 82' lang='lat' dir='ltr'><strong>Clavcminh.</strong></span> <span class='ocrx_word' id='word_1_288' title='bbox 497 3627 520 3658; x_wconf 84' lang='lat' dir='ltr'><strong>v</strong></span> <span class='ocrx_word' id='word_1_289' title='bbox 553 3610 818 3669; x_wconf 62' lang='lat' dir='ltr'><strong>Undeoffenmreshru</strong></span> <span class='ocrx_word' id='word_1_290' title='bbox 827 3611 936 3672; x_wconf 78' lang='lat' dir='ltr'><strong>displicet,</strong></span> <span class='ocrx_word' id='word_1_291' title='bbox 946 3610 1089 3718; x_wconf 83' lang='lat' dir='ltr'><strong>reprehendi-</strong></span> 
     </span>
     <span class='ocr_line' id='line_1_36' title="bbox 226 3667 1089 3773; baseline -0.004 -56.737"><span class='ocrx_word' id='word_1_292' title='bbox 226 3671 413 3741; x_wconf 58' lang='lat' dir='ltr'><strong>mnofftamar,</strong></span> <span class='ocrx_word' id='word_1_293' title='bbox 421 3670 511 3731; x_wconf 88' lang='lat' dir='ltr'><strong>quod&#39;</strong></span> <span class='ocrx_word' id='word_1_294' title='bbox 537 3669 604 3773; x_wconf 55' lang='lat' dir='ltr'><strong>fimi·</strong></span> <span class='ocrx_word' id='word_1_295' title='bbox 608 3671 774 3716; x_wconf 81' lang='lat' dir='ltr'><strong>molesmmcst.</strong></span> <span class='ocrx_word' id='word_1_296' title='bbox 829 3686 863 3717; x_wconf 86' lang='lat' dir='ltr'><strong>sus</strong></span> <span class='ocrx_word' id='word_1_297' title='bbox 879 3675 1048 3728; x_wconf 55' lang='lat' dir='ltr'><strong>ergomneq</strong></span> <span class='ocrx_word' id='word_1_298' title='bbox 1049 3667 1089 3718; x_wconf 91' lang='lat' dir='ltr'><strong>uid</strong></span> 
     </span>
     <span class='ocr_line' id='line_1_37' title="bbox 227 3683 1089 3798; baseline -0.007 -21"><span class='ocrx_word' id='word_1_299' title='bbox 227 3730 302 3776; x_wconf 81' lang='lat' dir='ltr'><strong>esset</strong></span> <span class='ocrx_word' id='word_1_300' title='bbox 295 3747 317 3776; x_wconf 89' lang='grc' dir='ltr'><strong>ιιι</strong></span> <span class='ocrx_word' id='word_1_301' title='bbox 327 3729 413 3775; x_wconf 84' lang='lat' dir='ltr'><strong>semet</strong></span> <span class='ocrx_word' id='word_1_302' title='bbox 406 3743 462 3790; x_wconf 88' lang='lat' dir='ltr'><strong>rpso</strong></span> <span class='ocrx_word' id='word_1_303' title='bbox 472 3743 486 3789; x_wconf 93' lang='lat' dir='ltr'><strong>q</strong></span> <span class='ocrx_word' id='word_1_304' title='bbox 541 3727 667 3798; x_wconf 72' lang='lat' dir='ltr'><strong>dispiceret</strong></span> <span class='ocrx_word' id='word_1_305' title='bbox 675 3683 1089 3787; x_wconf 52' lang='lat' dir='ltr'><strong>Venanaminipsamcomoetoem·</strong></span> 
     </span>
    </p>
   </div>
   <div class='ocr_carea' id='block_1_6' title="bbox 226 3786 744 3929">
    <p class='ocr_par' dir='ltr' id='par_1_6' title="bbox 226 3786 744 3929">
     <span class='ocr_line' id='line_1_38' title="bbox 226 3786 744 3849; baseline -0.004 -13"><span class='ocrx_word' id='word_1_306' title='bbox 226 3788 257 3836; x_wconf 88' lang='lat' dir='ltr'><strong>ris</strong></span> <span class='ocrx_word' id='word_1_307' title='bbox 265 3789 331 3836; x_wconf 82' lang='lat' dir='ltr'><strong>rebm</strong></span> <span class='ocrx_word' id='word_1_308' title='bbox 340 3788 396 3835; x_wconf 89' lang='lat' dir='ltr'><strong>nihil</strong></span> <span class='ocrx_word' id='word_1_309' title='bbox 406 3801 461 3846; x_wconf 78' lang='lat' dir='ltr'><strong>esse,</strong></span> <span class='ocrx_word' id='word_1_310' title='bbox 471 3787 529 3849; x_wconf 82' lang='lat' dir='ltr'><strong>quod</strong></span> <span class='ocrx_word' id='word_1_311' title='bbox 538 3786 656 3849; x_wconf 80' lang='lat' dir='ltr'><strong>displicere</strong></span> <span class='ocrx_word' id='word_1_312' title='bbox 662 3790 744 3847; x_wconf 74' lang='lat' dir='ltr'><strong>posset</strong></span> 
     </span>
     <span class='ocr_line' id='line_1_39' title="bbox 262 3864 691 3929; baseline -0.007 -2"><span class='ocrx_word' id='word_1_313' title='bbox 262 3888 334 3929; x_wconf 86' lang='lat' dir='ltr'><strong>von.</strong></span> <span class='ocrx_word' id='word_1_314' title='bbox 355 3888 397 3928; x_wconf 89' lang='grc' dir='ltr'><strong>ιι.</strong></span> <span class='ocrx_word' id='word_1_315' title='bbox 625 3864 691 3925; x_wconf 70' lang='lat'><strong>21*</strong></span> 
     </span>
    </p>
   </div>
   <div class='ocr_carea' id='block_1_7' title="bbox 0 0 1354 4675">
    <p class='ocr_par' dir='ltr' id='par_1_7' title="bbox 0 0 1354 4675">
     <span class='ocr_line' id='line_1_40' title="bbox 0 0 1354 4675; baseline 0 3"><span class='ocrx_word' id='word_1_316' title='bbox 0 0 1354 4675; x_wconf 95' lang='lat' dir='ltr'><strong> </strong></span> 
     </span>
    </p>
   </div>
  </div>
 </body>
</html>
