2700 4675
304 507 367 570 320
640 498 675 554 ΙΝ
688 499 832 552 vultuum

304 650 323 684 ²
335 667 506 727 quamquam
519 650 713 725 perditissima
724 648 855 707 defensio
874 651 928 714 est,
942 650 1042 703 tamen
1062 641 1172 717 aliquid

305 751 365 809 dici
386 752 541 808 videretur.
584 750 680 807 Tollit
703 768 742 806 ex
755 747 859 804 tabulis
881 746 921 812 id,
945 745 1022 819 quod
1046 747 1118 811 erat,
1134 743 1176 797 et

305 849 386 917 tacit,
399 849 498 907 curtim
511 850 639 905 delatum
653 865 725 904 esse.

254 951 297 1015 42
347 947 406 1004 Hic
417 946 526 1014 videte,
539 946 571 1003 in
585 952 653 1021 quot
667 963 699 1001 se
720 947 837 1019 laqueos
850 940 984 1008 induerit,
998 956 1116 1015 quorum
1137 952 1176 993 ex

307 1047 388 1101 nullo
401 1062 433 1100 se
453 1061 587 1117 umquam
601 1043 761 1116 expediret
804 1041 933 1098 Primum
946 1038 1009 1112 ipse
1023 1038 1055 1095 in
1071 1036 1175 1094 Sicilia

311 1159 400 1215 saepe
424 1146 455 1198 et
479 1143 574 1214 palam
598 1141 635 1196 de
649 1143 716 1197 loco
728 1138 875 1213 superiore
888 1138 1012 1205 dixerat,
1026 1143 1056 1194 et
1069 1137 1101 1193 in
1120 1153 1176 1193 ser·

310 1256 396 1300 mone
410 1239 507 1296 multis
520 1240 738 1305 demonstrarat,
751 1236 841 1294 licere
859 1254 966 1293 nomen
985 1235 1114 1308 recipere
1127 1237 1175 1291 ab·

311 1338 402 1396 sentis
417 1358 424 1393 :
445 1356 477 1394 se
490 1340 625 1411 exemplo
634 1336 738 1394 fecisse
751 1336 792 1404 id,
806 1336 882 1410 quod
896 1333 1018 1391 lecisset
1061 1331 1175 1390 ”Haec

312 1454 379 1493 eum
412 1416 572 1504 dictitasse,
596 1436 691 1510 priore
717 1434 833 1492 actione
861 1439 891 1489 et
920 1434 989 1489 Sex.
1020 1430 1176 1505 Pompejns

311 1534 436 1591 Chlorus
449 1534 533 1600 dixit,
546 1534 583 1589 de
604 1534 687 1607 cujus
701 1533 808 1590 virtute
828 1536 916 1588 euleu
939 1528 1175 1597 commemoravi,

312 1634 343 1687 et
356 1630 413 1686 On.
433 1629 588 1702 Pompejus
610 1632 792 1698 Theodorus,
806 1630 892 1687 homo
913 1633 944 1686 et
963 1630 1018 1686 Cn.
1034 1627 1177 1701 Pompeji,

313 1725 466 1784 clarissimi
489 1725 556 1793 viri,
564 1726 678 1798 judicio
692 1727 821 1800 plurimis
836 1727 1025 1801 maximisque
1039 1726 1072 1785 in
1097 1728 1179 1784 rebus

314 1824 539 1900 probatissimus,
551 1829 581 1881 et
604 1824 733 1882 omnium
747 1825 962 1883 existimatione
977 1826 1182 1893 ornatissimus,

316 1929 347 1981 et
361 1923 481 1981 Posides
496 1922 592 1980 Matre
607 1923 785 1991 Soluntinus,
798 1925 885 1982 homo
895 1942 1007 1990 summa
1020 1924 1181 1991 nobilitate,

318 2021 544 2089 existimatione,
559 2021 682 2078 virtutes
703 2028 735 2079 et
755 2023 811 2079 lrac
831 2023 949 2080 actione
972 2040 1059 2095 quam
1079 2023 1182 2080 voletis

299 2136 301 2139 ’
318 2118 402 2175 multi
411 2119 520 2186 dicent,
534 2124 564 2175 et
577 2120 626 2194 qui
634 2138 672 2176 ex
684 2120 741 2176 isto
753 2120 816 2194 ipso
824 2120 977 2189 audierint,
987 2121 1044 2179 viri
1056 2121 1180 2195 primarii

318 2214 408 2271 nostri
421 2215 540 2281 ordinis,
563 2221 593 2272 et
606 2217 666 2302 alii,
685 2219 734 2291 qui
758 2218 947 2288 interfuerint,
969 2237 1037 2277 cum
1058 2219 1182 2278 absentis

319 2330 427 2372 nomen
440 2314 623 2388 reciperetur.
635 2316 741 2374 deinde
755 2318 876 2389 Romae,
889 2335 957 2376 cum
970 2337 1016 2377 ros
1030 2324 1107 2377 esset
1119 2324 1184 2379 acta

322 2411 353 2471 in
366 2419 478 2481 senatu,
490 2431 591 2471 omnes
605 2416 687 2473 istius
700 2416 803 2488 amici3
818 2417 850 2474 in
864 2418 909 2474 his
923 2417 1013 2474 etiam
1024 2425 1106 2492 pater
1115 2419 1182 2493 eJ‘us,

323 2513 380 2569 hoc
394 2514 568 2570 defendebat
580 2515 667 2572 licere
682 2515 759 2572 lieri:
780 2533 866 2589 saepe
876 2534 940 2572 esse
950 2517 1077 2574 iactum:
1092 2517 1192 2586 istum,

324 2611 400 2682 quod
423 2610 548 2679 iecisset,
562 2612 682 2670 aliorum
703 2616 838 2687 exemplo
861 2614 1050 2688 institutoque
1074 2617 1183 2673 secisse.

326 2705 410 2764 Dicit
431 2715 580 2781 praeterea
604 2712 798 2768 testimonium
820 2717 881 2768 tota
897 2712 1018 2769 Sicilia:
1053 2732 1136 2787 quae,
1157 2714 1184 2771 in

325 2806 525 2865 communibus
539 2810 689 2881 postuletis
702 2809 855 2867 civitatum
873 2810 1011 2878 omnium,
1024 2813 1185 2869 consulibus

329 2905 429 2972 edidit,
444 2922 542 2980 rogare
556 2913 640 2982 atque
654 2925 735 2964 orare
749 2912 843 2981 patres
857 2907 1046 2981 conscriptos,
1060 2915 1094 2966 ut
1106 2914 1186 2966 statu

329 3008 421 3069 erent,
435 3021 472 3058 ne
483 3006 644 3062 absentium
658 3006 776 3063 nomina
788 3006 990 3078 reciperentur.
1034 3008 1100 3073 Qua
1113 3010 1148 3065 de
1160 3023 1188 3063 re

332 3095 388 3152 Cn.
409 3097 574 3167 Lentulum,
588 3109 740 3172 patronum
764 3103 892 3171 Siciliae,
913 3105 1106 3164 clarissimum
1128 3107 1189 3164 udu-

332 3192 501 3258 lescentem,
515 3195 612 3252 dicere
626 3201 763 3257 audistis:
786 3202 909 3268 Siculos,
923 3219 991 3258 cum
1014 3221 1046 3260 se
1072 3221 1190 3271 causum,

310 3396 312 3400 ,
364 3344 657 3416 'lpwmptwmpdcstd
688 3351 747 3399 Edd.
759 3369 793 3415 pr.
810 3354 1034 3416 renuntiansque}
1053 3362 1078 3404 et
1095 3356 1194 3406 unedo

335 3402 506 3508 {iiifflltnisaiim
527 3405 581 3452 muln
600 3407 691 3467 languet
701 3410 737 3456 hic
755 3427 890 3472 pronomen:
906 3413 982 3474 itaque
998 3430 1049 3462 curn
1069 3417 1163 3465 Grutaro
1174 3419 1194 3460 et

366 3521 390 3552 ²²
404 3520 455 3566 hoec
465 3521 649 3585 eamdictitossed
680 3526 848 3586 misacam
860 3529 975 3586 Grutems,
983 3536 1042 3577 esta
1060 3532 1118 3579 Mas.
1134 3529 1194 3577 Febr.

337 3577 398 3624 Met.
417 3584 441 3625 et
450 3579 508 3649 Pell.
520 3580 612 3650 Vulgati
630 3583 690 3629 enirn
704 3585 800 3632 damase.
832 3590 865 3634 At
873 3588 982 3634 dictitasse
992 3595 1027 3635 ast
1036 3589 1107 3635 etiam
1121 3586 1193 3634 irredd-

338 3640 928 3762 llsdmtltttllddtdtfflllldffl‘
939 3647 1194 3709 mmmm
