2700 4675
275 484 339 546 300
604 476 640 526 us
653 473 800 526 Vfflffl

274 627 456 702 provinciam
480 629 571 684 raam
597 630 777 698 weupuset,
807 622 909 681 Mucia
937 640 999 682 um
1023 628 1145 686 sustulit.

275 727 385 792 Hostis,
398 732 430 784 et
442 726 534 784 hostis
546 726 578 783 iu
591 725 696 783 ueteris
709 727 792 782 rebus
808 723 892 780 nimis
907 724 983 780 serus
997 731 1029 782 et
1048 726 1159 785 imma-v

274 826 330 894 nis,
343 832 442 884 tamen
456 827 594 882 honorem
604 824 738 888 hominis,
751 825 868 880 deorum
889 822 1033 896 religione
1046 842 1146 883 eom

274 930 395 990 uratum,
417 924 527 980 violare
546 925 657 981 uoluit:
679 929 708 980 tu
735 924 933 996 Syracusanos
954 940 1044 981 unum
1066 925 1144 982 stiam

274 1023 378 1078 testum
403 1021 554 1079 Marcellis
577 1022 725 1093 impartire
749 1020 890 1089 noluisti3
924 1039 977 1093 per
1002 1040 1074 1095 quos
1101 1022 1145 1079 ini

273 1121 371 1194 adepti
384 1126 460 1187 sunt,
474 1126 504 1176 ut
517 1127 629 1177 ueteres
640 1121 703 1175 dies
717 1121 803 1175 festos
817 1119 926 1192 agitare
942 1128 1069 1191 possent.
1102 1123 1141 1179 At

274 1238 346 1278 vero
359 1222 537 1292 praectarum
555 1218 576 1252 ⁵⁷
585 1219 665 1276 diem
677 1217 840 1291 reposuisti,
851 1219 962 1274 Verres
972 1224 1003 1275 ut
1016 1224 1142 1293 egerent,

274 1326 306 1379 et
319 1327 350 1376 ut
363 1322 398 1376 ad
413 1337 480 1376 eum
493 1320 580 1386 diem,
593 1337 665 1393 quae
680 1318 768 1375 saeris
781 1319 931 1391 epulisque
943 1335 1013 1390 opus
1033 1323 1140 1387 essent,

274 1419 305 1475 iu
323 1422 484 1490 complures
512 1436 604 1475 eunus
628 1420 798 1474 locarentur.
841 1418 900 1473 Sed
913 1417 977 1489 jam
1003 1419 1035 1473 iu
1062 1423 1143 1476 tantu

273 1517 357 1574 iatius
383 1518 564 1587 impudentia
582 1518 786 1574 remittendum
816 1517 924 1591 aliquid
953 1517 1077 1585 ridetur,
1105 1535 1141 1575 rra

272 1615 371 1672 omnis
382 1617 600 1680 contendamus,
612 1634 648 1671 ne
661 1617 761 1671 emnia
775 1633 840 1671 cum
854 1617 952 1672 dolore
965 1633 1052 1689 agere
1065 1616 1142 1673 vida·

273 1728 361 1770 amur.
383 1730 453 1768 uam-
464 1731 510 1769 me
524 1713 596 1779 dies,
610 1730 679 1779 vox,
693 1715 783 1769 latera
796 1714 944 1780 deficiant,
956 1715 982 1771 si
995 1716 1053 1772 hoe
1067 1731 1140 1773 nuno

272 1811 426 1870 vociferari
452 1812 552 1878 velim,
578 1830 663 1886 quam
691 1812 827 1869 miserum
862 1813 1070 1888 indignumque
1095 1814 1140 1883 sit,

272 1910 487 1969 istius-nomine
511 1913 589 1984 apud
607 1929 658 1967 eos
679 1911 757 1967 diem
781 1914 886 1969 festum
909 1930 983 1980 esse,
1004 1913 1055 1987 qui
1077 1930 1139 1970 sess

272 2011 355 2068 istius
367 2029 456 2082 opera
467 2010 595 2067 funditus
610 2010 770 2067 exstinctos
785 2028 848 2067 esse
862 2011 1046 2069 arbitrentur.
1084 2011 1139 2069 ⁵¹0

271 2109 384 2165 Verres
398 2111 554 2180 pressim,
574 2126 715 2181 quoquam
729 2110 755 2166 si
767 2109 926 2176 assessisti
951 2129 1009 2185 quo
1032 2130 1087 2169 nou
1100 2115 1138 2168 st·

270 2207 370 2264 tuleris
384 2211 481 2262 tecum
494 2205 581 2262 istum
599 2205 702 2263 aum?
722 2208 831 2265 etenim
853 2227 938 2283 quam
963 2215 995 2267 tu
1018 2213 1136 2277 domum,

270 2323 355 2384 quarn
369 2308 468 2364 urbem
488 2304 684 2378 uariatque!
707 2307 804 2365 fanum
825 2307 960 2383 denique,
985 2312 1060 2385 quod
1081 2324 1145 2368 uon.

271 2426 403 2466 eversum
415 2411 500 2480 atque
511 2402 657 2462 extersum
670 2404 839 2480 reliqueris?
859 2425 947 2480 quare
960 2413 1141 2483 appellentur·

270 2525 340 2563 saue
354 2507 410 2562 ista
423 2490 544 2572 Verres,
558 2522 630 2578 quus
640 2521 700 2561 non
713 2522 753 2562 ex
769 2506 895 2573 nomina,
909 2509 961 2564 sed
974 2506 1040 2566 ⁵⁰01
1051 2505 1135 2564 maai·

217 2605 258 2662 22
270 2608 321 2662 bus
336 2612 492 2677 naturaque
511 2609 561 2659 tua
573 2604 731 2661 constituta
754 2623 817 2661 esse
839 2606 1004 2663 videantur.
1046 2608 1134 2678 Quam

269 2704 355 2763 facile
376 2711 471 2776 serpat
485 2703 599 2776 injuria,
621 2708 651 2759 et
673 2704 814 2775 peccandi
836 2707 1035 2775 cousuetud03
1055 2718 1133 2779 quam

268 2822 326 2862 non
338 2804 424 2861 facila
437 2803 614 2875 reprimatur,
625 2802 733 2868 videte,
740 2802 865 2874 judiees.
906 2804 992 2860 Bidis
1002 2804 1133 2876 oppidum

268 2908 320 2968 est,
335 2910 421 2960 tenue
434 2921 514 2969 sane,
529 2919 587 2958 uon
602 2903 688 2973 longe
701 2918 719 2956 a
734 2901 895 2973 Syracusis.
938 2903 1033 2977 Hujus
1054 2904 1140 2975 tonge-

266 2998 373 3068 primus
387 3001 517 3056 civitatis
530 3006 575 3056 est
588 2999 739 3071 Epicrates
753 3000 877 3073 quidam.
920 3001 1015 3075 Hujus
1029 2998 1132 3058 heredi·

267 3097 312 3148 tas
337 3095 400 3149 H-S
427 3095 648 3167 quingentorum
673 3097 796 3154 millium
824 3104 946 3156 venerat
973 3118 992 3156 a
1020 3100 1132 3158 muriam

267 3191 388 3266 quadam
402 3192 568 3265 propinqua,
582 3196 667 3267 atque
681 3197 723 3254 ita
733 3196 901 3270 propinqua,
915 3203 948 3254 ut
973 3216 1010 3256 ea
1023 3193 1130 3256 etiarnsi

188 3341 194 3365 ¹¹
283 3346 318 3452 gl
332 3346 390 3450 figam
405 3346 539 3408 reposuisti]
571 3347 651 3394 Deleri
671 3365 720 3396 cum
738 3350 837 3397 Graevio
851 3350 907 3405 illis,
922 3352 983 3412 quod
999 3352 1064 3398 abest
1077 3345 1132 3397 h‘hr'!

268 3421 282 3450 r
306 3420 338 3450 err
355 3420 386 3451 us.

190 3540 193 3546 μ
294 3485 315 3518 ⁶⁶
330 3483 369 3530 0!
386 3481 468 3528 Verres
475 3486 597 3541 praecurri,
607 3501 715 3546 plausuum
724 3487 752 3542 si,
763 3488 817 3549 eta]
848 3487 914 3535 Haec
921 3487 1004 3537 vitiosa
1014 3505 1069 3547 esse,
1079 3490 1135 3537 rede

264 3544 330 3589 sensit
342 3542 462 3599 Graevius3
479 3542 515 3600 qui
529 3543 630 3602 corrigit:
648 3546 688 3591 0!
705 3545 787 3592 Vama
804 3548 920 3603 prusciam
928 3547 1132 3609 tquoqumqsm

264 3602 376 3649 accessisti.
408 3602 460 3648 Non
468 3602 549 3662 placet.
582 3604 626 3649 Sed
637 3605 717 3652 melius
724 3605 754 3651 nil
765 3606 867 3652 occum't.

293 3681 314 3712 ⁶⁹
328 3696 355 3725 ar
374 3681 478 3728 manibus
496 3684 619 3750 naturaque
645 3684 702 3745 tua]
733 3683 797 3731 Mihi
831 3685 945 3747 usquein
963 3692 1063 3735 mentem
1078 3681 1137 3731 vnit

262 3737 368 3792 auarus,
385 3740 445 3843 &aad
463 3741 494 3786 10.
505 3738 603 3788 bucamo
616 3744 641 3789 et
657 3742 828 3805 Hotomannop
852 3744 907 3793 cuit.
940 3745 1054 3797 Gruterus
1065 3744 1134 3805 rub·

149 3828 152 3865 i
264 3795 311 3839 tum
321 3795 385 3844 defen
408 3802 426 3856 t,
436 3813 455 3846 a.
468 3799 510 3856 ΙΙΙ,
519 3800 555 3845 37.
