2700 4675
278 571 301 629 2
647 561 771 611 umero

306 710 348 773 qni
365 715 512 773 praestarent,
530 713 618 758 tantum
629 709 726 757 solutam
741 705 769 754 iri
778 720 818 753 aaa
826 701 933 765 periurio,
943 700 1051 761 limium
1066 690 1161 753 iuffitb

310 791 370 838 iacto
379 790 436 838 solvi
445 794 568 853 oporteret,
579 789 597 837 si
613 788 717 841 Quintius
732 787 881 833 damnaretur.
913 780 1030 840 Alpheum
1039 774 1159 822 satisdare

309 884 355 917 uon
364 874 458 927 recusat,
468 870 586 917 dumidem
594 868 691 915 vicissim
702 865 801 915 Naevius
806 862 879 909 iaciat
910 859 974 906 Solos
983 856 1042 902 enim
1053 869 1094 903 eus
1103 860 1160 904 tau·

311 954 358 995 urm
369 949 483 1005 satisdare,
494 963 587 1009 quorum
596 946 654 994 bona
671 962 700 994 ex
708 946 887 1006 edietupossessu
900 942 985 987 essent:
1000 936 1059 982 haec
1076 941 1161 984 sutem

310 1026 465 1074 nonluisseer
481 1024 555 1071 edicto
568 1039 675 1085 musa,
692 1028 794 1085 paratum
810 1037 834 1069 se
847 1021 972 1069 defendere.
1003 1016 1100 1063 Pmetor
1118 1017 1161 1079 qui

312 1104 468 1166 possessionem
486 1104 625 1159 decreverat,
642 1106 666 1148 et
685 1117 783 1163 possem
798 1102 865 1150 subse
884 1101 941 1146 bona
955 1095 1104 1154 intelligebat,
1117 1098 1161 1145 de·

313 1183 390 1239 aer-nit,
400 1183 493 1230 utrolus
507 1182 623 1244 Alpheum
637 1182 742 1229 satisdet:
758 1180 796 1241 qui
812 1185 868 1236 tum,
885 1178 947 1240 qussi
963 1177 1069 1235 injustam
1085 1177 1162 1225 Prae-

311 1263 368 1310 toris
377 1264 491 1310 decretum
500 1267 565 1319 esset,
576 1260 676 1309 tribunos
685 1261 745 1323 pleb.
761 1260 868 1321 appellat.
900 1259 927 1305 L.
946 1258 1026 1304 Brutus
1043 1270 1058 1301 e
1075 1257 1161 1304 decern

314 1358 369 1391 unus
376 1342 474 1390 ostendit
483 1357 507 1389 se
515 1342 691 1398 interaessurum,
701 1339 743 1386 uisi
749 1339 803 1402 quid
812 1338 870 1385 inter
879 1350 917 1385 ens
926 1336 1062 1383 conveniret.
1094 1336 1163 1384 Con·

314 1422 376 1470 venit
385 1422 452 1483 igitur
460 1426 486 1470 ut
492 1420 564 1469 idibus
571 1420 684 1481 Septemb.
695 1420 719 1466 id
726 1424 767 1475 eat,
778 1433 816 1465 sex
824 1421 938 1479 septemve
946 1420 997 1477 post
1006 1415 1121 1461 mensibus
1131 1416 1161 1462 P.

289 1533 292 1537 -
314 1503 418 1554 Quintius
433 1502 518 1561 judicio
532 1515 556 1547 se
571 1500 665 1547 sisteret
696 1499 768 1546 Venit
784 1498 894 1554 Quintius,
905 1496 969 1543 rebus
986 1508 1053 1556 saepe
1070 1494 1162 1554 diletis,

315 1582 414 1636 tandem,
423 1581 446 1627 in
452 1581 489 1636 jus
498 1580 527 1625 ad
537 1579 562 1626 P.
580 1578 723 1626 Dolabellam
734 1578 864 1625 Praetorem
872 1576 939 1633 urbis,
956 1574 994 1621 M.
1013 1574 1100 1631 Tullio,
1112 1576 1160 1624 Cn.

317 1659 439 1707 Dolabella
451 1657 513 1704 Coss·
533 1656 584 1703 itur.
617 1656 651 1704 lbi
668 1655 773 1713 Naevius,
789 1655 895 1713 judicium
910 1654 1019 1701 communi
1034 1652 1165 1703 dividundo

316 1738 422 1800 postulat,
432 1751 481 1782 eum
490 1750 525 1791 eo,
535 1742 561 1782 ut
570 1734 672 1787 Quintius
689 1734 789 1790 satisdet,
809 1733 891 1796 quippe
900 1736 961 1793 eujus
976 1733 1034 1778 bona
1043 1746 1072 1778 ex
1081 1732 1163 1781 edicto

317 1830 416 1879 possessa
425 1816 476 1863 sint.
508 1814 612 1865 Quintius
621 1815 730 1861 satisdare
737 1818 834 1869 recusat,
844 1814 907 1875 quasi
916 1828 955 1860 sua
969 1813 1028 1858 bona
1037 1826 1066 1858 err
1082 1813 1165 1862 edicto

317 1911 416 1959 possessa
425 1909 469 1943 non
479 1894 528 1941 sint.
561 1894 683 1941 Dolabella
700 1893 807 1952 deceruit,
817 1899 843 1940 ut
853 1898 892 1940 aut
901 1892 1000 1950 satisdet,
1011 1896 1051 1937 aut
1064 1895 1165 1949 sperma»

319 1991 370 2025 nem
379 1976 462 2033 sarriri,
472 1974 487 2021 i.
499 1990 519 2020 e.
531 1980 615 2021 certam
625 1973 741 2035 pecuniam
762 1972 890 2029 onustitrrat,
907 1987 974 2034 quam
982 1972 1071 2033 perdat,
1082 1972 1103 2019 si
1121 1990 1167 2023 m

320 2057 412 2104 homer
422 2056 489 2102 edeta
501 2069 594 2112 possessa
608 2056 660 2121 sint.
692 2053 836 2115 Sponsionem
855 2054 928 2099 lacere
946 2050 1050 2103 Quintius
1070 2054 1163 2102 maluit.

318 2134 431 2181 iudicium
448 2148 502 2191 ergo
521 2132 674 2179 constituiturr
698 2133 806 2193 daturque
825 2133 868 2178 hac
886 2132 1000 2190 negotium
1016 2131 1043 2177 C.
1055 2132 1166 2193 Aquillio

321 2210 397 2268 Gallo,
407 2214 455 2258 tum
468 2210 606 2267 juriseivilis
616 2210 708 2256 scientia
722 2210 823 2271 inprimis
837 2212 912 2258 almo:
928 2210 966 2272 qui
985 2214 1031 2257 tres
1048 2226 1125 2259 sesrrm
1140 2216 1165 2263 in

322 2288 437 2338 masiliam
446 2287 506 2335 Juris
516 2288 626 2335 oonsultos
635 2286 746 2347 adhibuit,
755 2290 795 2338 Μ.
805 2289 951 2350 Marcellum,
959 2291 985 2340 P.
997 2290 1134 2344 Quintilium
1141 2299 1166 2343 et

323 2371 351 2420 L.
361 2371 486 2429 Lucullum,
498 2382 573 2416 soram
578 2369 656 2432 quibus
664 2384 691 2417 ea
700 2385 736 2418 res
744 2375 795 2418 acta
805 2374 845 2418 est.

265 2508 391 2608 l(iuius
411 2552 467 2592 aas
489 2551 521 2592 rrr
543 2552 688 2593 crvrrarrr
707 2537 782 2595 duae
795 2535 947 2610 plurimum
965 2537 1168 2610 possunthoc

295 2639 397 2688 eontra
411 2651 463 2688 nos
477 2635 578 2689 ambae
589 2635 701 2690 faciunt
713 2635 745 2692 in
755 2637 812 2693 hou
827 2642 964 2709 tempore,
978 2653 1089 2692 summa
1102 2656 1168 2712 gra·

298 2729 348 2796 tia,
363 2734 393 2784 et
402 2729 568 2802 eloquentia
579 2750 585 2783 :
606 2748 724 2802 quarum
735 2733 864 2798 alteram,
875 2735 911 2790 Ο.
922 2735 1043 2806 Aquilli,
1052 2753 1169 2808 verens,

299 2829 420 2883 alteram
434 2831 539 2884 metuo.
580 2825 755 2900 Eloquentia
770 2827 807 2895 Q.
829 2828 979 2883 Hortensii
993 2847 1030 2883 ne
1044 2849 1091 2887 me
1100 2822 1122 2865 '¹
1135 2837 1169 2895 in

298 2927 425 2983 dicendo
452 2925 600 2999 impediat,
617 2923 751 2983 nonnihil
765 2937 965 2980 eommovear:
986 2927 1078 2999 gratis
1094 2931 1169 2994 Sex,

299 3024 411 3082 Naevii
429 3022 486 3081 ”ne
501 3025 534 3079 P.
551 3022 671 3096 Quintio
682 3027 796 3089 noceat,
811 3023 840 3080 id
861 3040 931 3081 vero
944 3041 1002 3081 non
1017 3028 1174 3091 mediocri·

301 3126 344 3178 ter
371 3121 551 3195 pertimesco.
593 3122 697 3194 Neque
716 3119 791 3178 ³hoo
816 3127 964 3196 tantopere
991 3131 1172 3201 querendum

329 3274 381 3320 liar
391 3274 499 3336 dicenda]
531 3275 622 3321 Siuedd.
640 3273 669 3321 R.
681 3276 706 3323 Β.
716 3276 774 3323 Vens
786 3279 848 3326 ratu.
879 3277 976 3333 Mediol.
988 3281 1050 3328 Junt.
1062 3285 1105 3329 etr.
1115 3284 1173 3334 item

303 3333 361 3381 Mas.
369 3333 464 3394 quidam.
476 3334 615 3396 restituitque
625 3333 740 3383 Graevius.
772 3337 847 3396 Vulgo
855 3337 882 3384 iri
891 3338 965 3385 abest:
976 3340 1035 3401 quod
1043 3346 1077 3386 est
1086 3342 1172 3392 durius.

333 3412 387 3481 ²fue
397 3412 426 3457 P.
442 3412 480 3472 Q]
504 3411 555 3460 'Ed
576 3412 651 3461 Wald.
672 3415 787 3471 nepetino
804 3415 904 3467 Quintio.
921 3432 987 3479 quam
1005 3420 1174 3479 sumptionem

305 3471 369 3528 hujus
378 3473 525 3531 praenominis
534 3477 559 3519 et
567 3473 589 3519 in
598 3473 647 3521 allis
656 3474 804 3535 librisreperi.
1158 3500 1162 3504 -

336 3550 348 3583 ³
361 3550 400 3596 boc
410 3577 436 3586 --
446 3553 515 3613 taen]
547 3550 630 3599 Durior
638 3553 694 3599 mihi
704 3553 792 3600 videtur
801 3554 856 3600 haec
865 3556 999 3615 pronominis
1015 3557 1113 3613 ejusdem
1120 3561 1175 3608 talis

307 3613 354 3656 tam
362 3609 439 3668 exiguo
448 3610 566 3657 intervallo
575 3612 693 3674 repetitio;
709 3618 733 3657 et
742 3614 799 3658 lianc
815 3614 915 3670 somnam,
931 3616 969 3660 dac
978 3616 1123 3674 querendum,
1140 3635 1176 3666 se·

306 3668 383 3730 quitur
392 3669 498 3727 legitime,
515 3671 572 3729 quod
580 3671 631 3717 doec
646 3687 662 3718 s.
673 3672 700 3717 in
714 3671 763 3717 illia
772 3677 830 3718 sunt.
871 3673 940 3719 Forte
950 3682 988 3720 aut
997 3676 1035 3720 hoc
1045 3674 1175 3735 delendum,

309 3732 348 3773 aut
357 3743 398 3788 pro
407 3743 435 3774 eo
442 3730 493 3774 isaer
500 3730 644 3787 scribendum,
655 3734 679 3776 et
685 3732 780 3780 aiterum
788 3732 839 3776 laea
849 3733 966 3778 delendum
976 3753 980 3777 :
997 3738 1035 3778 aut
1045 3731 1088 3777 sie:
1104 3748 1177 3794 noque

309 3788 483 3893 ihg'fflpw’
493 3789 544 3836 haer
549 3805 560 3847 ;
574 3789 651 3837 autsio
661 3809 666 3836 ε
683 3803 751 3851 nsque
761 3791 820 3847 tusc,
830 3796 937 3847 rumores
947 3808 966 3850 q.
982 3791 1104 3848 oderam,
1114 3807 1177 3842 aum·

389 3862 399 3892 a
418 3863 438 3894 rs
447 3862 496 3894 essa.
