2700 4675
298 552 363 615 808
635 547 671 599 ΙΝ
684 543 828 597 vaalius(

297 693 350 753 illa
363 691 470 768 gravis,
484 692 594 753 tamdiu
614 694 646 754 in
659 676 712 754 illo
730 694 849 752 bomine
872 690 935 760 tuit,
949 688 1084 766 quamdiu
1108 688 1165 746 ists

297 791 329 850 in
353 792 506 864 provincia
532 793 648 851 mansit.
689 794 755 851 Hoc
778 793 889 867 injecto
908 794 986 849 metu
1008 787 1168 861 judicibus,

296 906 378 948 novo
391 907 479 958 more,
493 892 574 948 nullo
587 894 732 964 exemplo,
753 907 874 966 ecquam
893 905 954 947 rem
974 886 1079 962 putatis
1099 902 1168 943 esse

296 989 329 1047 in
345 989 458 1057 Sicilia,
471 988 528 1046 nisi
541 991 579 1047 ad
592 997 693 1048 nutum
706 991 798 1058 istius,
805 988 967 1062 judicatam
981 984 993 1044 l
1013 986 1118 1043 Utu'rm
1132 983 1166 1042 id

296 1089 389 1144 solum
403 1087 519 1144 videtur
533 1105 598 1144 esse
614 1094 721 1156 actum,
735 1089 811 1162 quod
824 1092 870 1145 cst
891 1092 988 1144 tamen
1010 1088 1117 1151 actum,
1131 1084 1166 1139 ut

297 1184 436 1242 Heraclio
456 1184 580 1257 pecnnia
592 1182 777 1258 eriperetur?
796 1184 938 1242 suetiam
957 1184 1038 1250 illud,
1060 1181 1092 1239 in
1106 1195 1167 1254 quo

296 1283 403 1355 praeda
416 1287 478 1339 erat
488 1282 626 1350 maxima,
646 1287 686 1348 ut,
700 1282 1011 1354 nominejudiciorum‚
1031 1278 1168 1337 omnium

297 1381 374 1439 bona
387 1387 473 1456 atque
487 1381 617 1438 fortunae
629 1381 661 1438 in
674 1381 757 1438 istius
771 1380 855 1437 unius
863 1386 960 1437 essent
973 1382 1119 1451 potestate
1133 1372 1148 1433 ‘2

245 1480 287 1541 28
337 1479 406 1536 Jam
420 1497 490 1537 vero
503 1479 534 1537 in
555 1496 648 1536 rerum
670 1477 838 1552 capitalium
859 1475 1073 1551 quaestionibus
1094 1470 1181 1547 quid.

297 1595 353 1651 ego
366 1595 595 1652 unamquamque
609 1596 670 1635 rem
683 1577 820 1650 colligam
831 1580 861 1632 et
873 1589 990 1632 causam
1003 1569 1015 1628 i
1034 1571 1083 1629 Ex
1093 1570 1168 1629 mui-

296 1673 334 1731 tis
348 1674 489 1730 similibus
503 1693 539 1731 ea
552 1693 671 1742 sumam,
690 1693 764 1748 quae
778 1673 903 1731 maxime
917 1669 1100 1744 improbitate
1114 1684 1166 1727 ex·

296 1774 403 1830 cellere
418 1772 600 1829 videbuntur.
642 1775 764 1845 Sopater
777 1771 892 1845 quidam
906 1769 960 1826 luit
975 1766 1165 1837 Halioiensis,

297 1870 385 1927 bomo
406 1871 486 1927 domi
501 1888 569 1927 suae
578 1888 644 1928 cum
659 1870 758 1943 primis
772 1871 901 1941 locuples
915 1873 1001 1941 atque
1014 1867 1164 1923 honestus.

298 1967 329 2026 Is
343 1970 379 2024 ab
393 1968 520 2025 inimicia
533 1968 591 2024 suis
605 1969 681 2041 apud
695 1968 730 2024 C.
747 1967 934 2024 Sacerdotem
948 1968 1108 2038 praetorem
1121 1961 1165 2021 rei

298 2067 432 2138 capitalis
445 2085 512 2124 cum
525 2070 675 2123 accusatus
691 2070 776 2132 esset,
789 2065 875 2122 lacile
894 2083 930 2120 eo
938 2063 1051 2136 judicio
1063 2067 1109 2119 est
1130 2060 1164 2119 li-

297 2163 420 2220 beratus.
463 2165 541 2222 Huic
562 2165 657 2220 eidem
684 2165 807 2235 Sopatro
829 2163 918 2219 iidem
939 2160 1112 2218 inimici-ad
1126 2158 1162 2220 0.

298 2260 430 2328 Verrem,
453 2262 566 2318 cumis
592 2262 744 2318 Sacerdoti
767 2263 963 2326 successisset,
976 2260 1106 2331 ejusdem
1119 2256 1164 2325 rei

298 2377 404 2417 nomen
414 2361 586 2417 detulerunt.
629 2360 687 2417 Res
703 2362 826 2432 Sopatro
840 2359 1112 2427 facilisvidebaturr
1132 2360 1164 2414 et

297 2459 372 2532 quod
387 2465 450 2513 erat
462 2458 613 2517 innocens.
626 2465 656 2515 et
669 2458 745 2533 quod
760 2457 924 2515 Sacerdotis
942 2456 1087 2529 judicium
1111 2454 1162 2514 im·

297 2558 417 2629 probare
444 2556 530 2614 istum
561 2574 692 2613 ausurum
720 2574 776 2614 non
798 2557 994 2613 arbitrabatur.
1047 2553 1162 2612 Citatur

297 2670 381 2710 reus:
402 2671 489 2710 causa
502 2656 596 2728 agitur
611 2654 779 2728 Syracusis:
804 2654 926 2712 crimina
940 2658 1102 2713 tractantur
1124 2653 1161 2709 ab

246 2735 248 2740 ’
297 2758 465 2808 accusatore
480 2771 524 2821 ea,
537 2771 610 2828 quae
621 2759 798 2810 etantantea
808 2770 865 2811 non
876 2757 969 2809 solum
982 2751 1162 2819 defensione,

297 2851 500 2908 verumetiam
518 2852 630 2925 judicio
649 2852 795 2909 dissoluta.
836 2853 961 2909 Causam
977 2850 1094 2923 Sopatri
1113 2849 1161 2908 ds·

298 2948 434 3008 tendebat
444 2952 480 3022 Q.
494 2952 648 3019 lllinucius,
660 2969 746 3026 eques
757 2953 902 3009 Romanus
915 2951 946 3006 in
958 2948 1057 3022 primis
1066 2950 1160 3021 splen·

297 3045 380 3101 didus
394 3052 479 3119 atque
495 3051 639 3116 honestus,
654 3049 802 3123 vobisque,
811 3049 934 3121 judices,
956 3065 1014 3104 non
1035 3046 1160 3120 ignotus.

297 3140 381 3197 Nihil
402 3143 513 3199 eratin
538 3162 634 3211 causa,
658 3150 732 3218 quod
756 3148 948 3214 metuendum,
969 3152 1016 3203 aut
1041 3144 1160 3202 omnino

297 3238 371 3311 quod
385 3239 572 3296 dubitandum
596 3243 748 3299 videretur.
790 3246 903 3302 Interea
924 3244 1004 3301 istius
1030 3243 1158 3310 libertus,

235 3325 243 3355 '
296 3342 326 3393 et
341 3352 478 3392 accensus
493 3336 569 3395 idem
592 3339 806 3410 Timarchides,
827 3344 876 3417 qui
899 3349 952 3409 est,
965 3343 995 3399 id
1019 3343 1095 3417 quod
1120 3357 1158 3398 ex

295 3434 424 3508 plurimis
448 3437 567 3494 testibus
592 3441 684 3509 priore
699 3441 814 3497 actione
828 3440 978 3508 didicistis,
991 3458 1085 3498 rerum
1109 3441 1158 3498 bu·

288 3532 417 3607 jusmodi
431 3540 559 3596 omnium
580 3542 738 3596 transactor
757 3545 787 3595 et
806 3539 982 3607 administer,
1007 3540 1044 3595 ad
1069 3539 1159 3611 Sopa-

294 3643 368 3697 tmm
383 3638 472 3705 venit,
487 3643 585 3699 monet
608 3636 763 3703 bominem,
778 3655 814 3692 ne
830 3636 914 3694 nimis
927 3637 1043 3710 judicio
1058 3640 1159 3695 Sacer

294 3738 379 3809 dotis,
406 3745 436 3796 et
454 3753 565 3805 causae
588 3738 732 3796 confidat:
759 3742 941 3796 accusatores
965 3737 1160 3812 inimicosque
