2700 4675
238 569 257 627 8
607 567 732 618 omli)

233 713 328 770 mults
348 714 605 785 communiesrent,
619 722 650 776 et
664 719 702 775 de
716 722 778 775 tota
798 715 850 774 ills
861 714 883 749 ¹
893 718 1017 780 ratione
1031 731 1125 803 atque

232 830 264 871 re
278 814 452 872 Gallicana:
472 816 687 892 usqueinterea
696 819 816 875 verbum
829 818 920 876 ullum
931 817 1119 897 interposuit

232 913 374 981 Naevius,
398 921 448 972 aut
474 915 645 974 societatem
666 917 723 975 sibi
748 915 895 991 quidpiam
915 918 1043 990 debere,
1066 931 1119 983 aut

231 1012 369 1086 privatim
397 1012 548 1084 Quintium
568 1013 712 1072 debuisse.
754 1014 830 1073 Oum
845 1013 919 1071 aeris
941 1016 1040 1077 alieni
1063 1023 1119 1080 ali·

230 1110 398 1183 quantulum
410 1113 487 1167 esset
501 1110 642 1180 relictum,
653 1112 754 1186 quibus
768 1112 934 1170 nominibus
948 1120 1116 1188 pecuniam

229 1207 341 1264 Romae
355 1208 447 1267 curari
458 1213 615 1282 oporteret:
636 1210 802 1268 auctionem
826 1211 858 1268 in
880 1210 983 1271 Gallis
1008 1216 1046 1274 P.
1060 1220 1115 1280 bis

230 1304 367 1380 Quintius
382 1309 520 1367 Narbone
538 1325 570 1366 se
585 1308 727 1368 lucturum
746 1327 811 1367 esse
834 1310 990 1383 proscribit
1008 1332 1115 1377 earum

228 1423 331 1474 rerum,
345 1424 418 1482 quae
440 1409 529 1481 ipsius
553 1413 636 1466 erant
649 1408 791 1483 privatae.
833 1408 880 1465 lbi
893 1413 955 1466 turn
968 1412 1021 1469 vir
1034 1416 1118 1488 opti-

228 1522 300 1573 mus,
324 1508 395 1563 Sex.
420 1508 449 1565 N
452 1507 562 1575 sevius,
578 1506 726 1565 hominem
740 1506 837 1564 multis
849 1506 948 1564 verbis
961 1509 1110 1583 deterret,

226 1620 266 1660 ne
281 1605 476 1662 auctiouetur:
499 1622 565 1662 eum
578 1622 638 1662 non
656 1606 699 1662 ita
709 1606 959 1678 commode-posse
973 1626 1014 1665 eo
1033 1616 1111 1671 tern-

226 1717 305 1776 pore,
320 1719 393 1776 quae
406 1703 628 1776 proscripsisset,
643 1704 780 1761 vendere.
823 1704 935 1761 Romae
949 1705 1010 1765 sibi
1021 1727 1110 1771 nurn-

226 1816 337 1858 morum
357 1801 524 1860 facultatem
538 1820 611 1870 esse,
629 1820 725 1877 quam,
738 1803 763 1860 si
777 1807 899 1876 saperet,
912 1821 1115 1868 communem

226 1901 417 1971 existimaret,
439 1920 490 1975 pro
504 1901 630 1961 fraterna
642 1903 695 1959 illa
708 1902 932 1969 necessitudine,
947 1907 977 1960 et
992 1923 1048 1977 pro
1061 1907 1108 1983 ip-

224 2000 283 2058 sius
296 2003 447 2061 affinitate.
467 2019 536 2061 nam
556 2002 591 2059 P.
610 2001 725 2075 Quintil
738 2000 940 2058 consobrinam
963 2002 1057 2062 babet
1070 2007 1108 2066 in

223 2101 407 2159 matrimonio
434 2102 576 2169 Naevius,
602 2106 632 2158 et
654 2120 692 2157 ex
714 2118 750 2157 ea
763 2101 877 2157 liberos.
920 2099 1007 2172 Quia,
1021 2107 1106 2178 quod

223 2196 318 2254 virum
327 2201 435 2254 bonum
445 2199 540 2254 facere
548 2200 708 2270 oportebat,
722 2198 752 2254 id
766 2199 935 2271 loquebatur
942 2199 972 2254 N
973 2201 1104 2262 sevius:

221 2296 344 2358 credidit
353 2295 500 2370 Quintius,
509 2313 583 2364 eum,
592 2295 641 2371 qui
649 2294 809 2353 orationem
818 2297 957 2354 bonorum
965 2295 1104 2361 imitare·

221 2402 276 2466 tur,
289 2397 367 2455 lacta
381 2413 493 2473 quoque
506 2394 693 2453 imitaturum.
713 2394 883 2451 auctionem
893 2397 972 2451 velle
993 2396 1100 2459 facere
1174 2431 1176 2436 >

221 2500 349 2559 desistit:
371 2501 494 2558 Romam
507 2497 714 2573 proficiscitur:
735 2496 851 2553 decedit
865 2513 903 2552 ex
919 2495 1022 2553 Gallia
1036 2499 1108 2559 Ro-

222 2619 297 2659 mam
323 2601 409 2657 simul
432 2599 575 2655 Naevius.
617 2598 693 2654 Cum
713 2595 874 2668 pecuniam·
889 2595 925 2651 0.
951 2594 1117 2666 Quintius,

221 2701 255 2759 P.
278 2697 423 2768 Scapulae
436 2693 595 2759 debuisset3
615 2697 720 2762 perte,
735 2692 770 2746 0.
786 2693 907 2765 Aquilli,
928 2692 1042 2752 decidit
1057 2698 1097 2756 P.

222 2794 368 2869 Quintius,
391 2790 470 2865 quod
487 2787 586 2845 liberis
600 2787 662 2858 ejus
674 2784 866 2840 dissolveret..
900 2789 966 2842 Hoc
981 2807 1018 2845 eo
1040 2813 1109 2867 per·

219 2902 249 2955 te
263 2894 408 2971 agebatur,
421 2888 497 2964 quod
510 2889 625 2960 propter
638 2879 778 2937 aerariam
792 2879 932 2935 rationem
946 2898 1005 2937 non
1015 2894 1104 2953 satis.

219 2993 325 3054 eratin
339 2990 443 3048 tabulis
466 2983 638 3058 inspexisse,
659 2981 796 3053 quantum
815 2977 975 3045 deberetur,
995 2977 1095 3051 ”nisi

248 3149 270 3183 st
284 3146 472 3205 mmotqusre
481 3135 607 3196 Gallicum]
622 3135 652 3206 de
666 3133 730 3181 bonis
745 3147 802 3204 quise
824 3132 851 3203 in·
862 3133 946 3205 Gallia·
954 3135 1088 3192 negotiandi

219 3221 296 3254 caussa
304 3204 412 3251 baberent
421 3197 573 3248 communiter.
605 3195 641 3241 Sre
649 3210 674 3240 re
681 3199 701 3240 cl
709 3199 794 3240 roboris
802 3198 915 3252 conjuncte
923 3194 1034 3254 dacuntur,
1046 3205 1100 3261 qui.¹

219 3279 302 3312 merces
313 3270 338 3309 et
346 3261 448 3322 pecunias
457 3259 516 3305 iuter
523 3271 547 3303 se
553 3254 721 3301 communicant

248 3345 272 3377 ²²
286 3343 332 3390 ra'si
340 3342 370 3388 cd
380 3341 476 3388 Castoris
484 3335 606 3400 padusa]
622 3334 651 3380 aa
660 3331 757 3380 Castoris
766 3332 801 3378 ed.
812 3331 849 3377 W.
861 3334 884 3376 et
894 3331 952 3401 bles.
963 3330 1037 3401 plures
1046 3350 1085 3441 Ἰ,

218 3405 283 3480 Grut.
315 3400 412 3471 intelligi
423 3405 447 3449 et
461 3396 565 3460 explicari
575 3393 746 3456 potesteVerr.
759 3394 822 3496 Ιέἀ49.
847 3391 940 3496 usgemrlbp
949 3405 1086 3500 nlssssirupssnie

217 3473 261 3578 ,ἳῖ
262 3482 304 3514 ⁰¹¹⁸
313 3454 783 3579 ffiffeeffiffiptdtdffddads,
791 3465 830 3570 {⁸111
840 3508 870 3578 us
880 3483 977 3579 stabius.
1004 3510 1040 3555 ua
1056 3470 1086 3559 ud

216 3542 322 3643 suffia
336 3596 364 3630 eo
379 3579 498 3625 advocasse
512 3531 599 3620 videtur
617 3570 707 3623 amicos,
726 3569 792 3615 inhs
801 3567 1033 3639 Aquullrun,¹utcum
1066 3571 1072 3583 ·

234 3648 341 3700 uaereret,
349 3640 402 3703 quid
411 3634 511 3706 Scapulis
526 3634 555 3680 ad
564 3630 679 3678 denarium
694 3628 820 3684 deberetur,
830 3631 854 3673 et
862 3628 974 3689 Aquillius
983 3626 1012 3671 de
1021 3641 1084 3675 cons-

218 3666 278 3756 diunt
290 3700 400 3754 sentffltla
408 3701 516 3750 setosis,
541 3695 632 3738 uantum
641 3687 744 3740 Quintius
751 3687 851 3734 deberet.
862 3701 883 3731 v.
900 3685 979 3733 Inmb.
991 3684 1019 3729 nd
1028 3685 1051 3730 b.
1063 3687 1080 3733 l.

218 3767 263 3814 Pro
275 3753 529 3815 soanoastoridsuba
558 3755 583 3797 nt
597 3748 715 3794 aliaeedd.
728 3750 782 3792 vett.
794 3750 818 3792 et
830 3744 994 3814 Mss.quidam.
1025 3742 1084 3790 Du-

218 3825 278 3882 isset,
287 3828 314 3870 ut
322 3819 407 3883 opinor,
417 3812 479 3873 upttd
487 3810 607 3858 acastum.
631 3809 689 3853 otta
698 3809 733 3851 est
741 3808 861 3865 corruptio,
866 3811 892 3848 ut
900 3815 987 3862 opinor,
997 3815 1085 3870 episs-

117 3860 119 3867 Ι
218 3881 346 3930 cedentibus
358 3876 470 3924 sumum
483 3871 597 3922 rumen,
608 3865 667 3928 quod
675 3863 706 3909 ad
713 3863 823 3909 serarium
832 3865 920 3907 traxere
928 3860 1083 3920 imponis-

217 3942 263 3990 Pro
278 3939 392 4001 pesam
408 3938 483 3982 sutem
499 3927 638 3980 scribendum
653 3922 777 3983 metisca,
792 3925 819 3968 ut
834 3918 907 3976 voluit
915 3918 1080 3979 Hotomanaus,
