2700 4675
211 509 302 629 ''30ss
587 565 781 619 arvandus

236 710 311 770 clius
325 715 385 771 tum
397 712 527 784 affuerat,
540 731 607 774 cum
620 716 743 789 primum
757 713 819 773 dati
833 716 901 772 snut
914 709 1050 788 judices:
1070 712 1108 769 de

235 809 303 878 hoc,
316 812 364 885 qui
377 817 532 889 antequam
545 814 576 872 in
583 815 633 887 J'us
646 815 756 872 aditum
768 819 854 880 esset,
864 817 1019 886 antequam
1028 808 1109 866 deni·

132 898 135 907 ’
235 927 291 983 que
305 911 416 968 mentio
426 912 641 970 controversiae
652 911 1018 980 lactsessetmiscessisset,
1029 911 1110 981 puta·

233 1008 303 1066 bant
317 1008 390 1066 nihil
403 1010 450 1084 agi
463 1028 556 1083 posse.
597 1011 739 1069 Homines
759 1011 903 1085 Rhegium
919 1007 1104 1082 proficiscun-

232 1108 286 1173 tur,
298 1106 465 1180 Epicratem
477 1108 677 1166 conveniunt:
698 1111 897 1167 demonstrant
911 1107 952 1174 id,
961 1105 1037 1181 quod
1051 1103 1103 1160 ille

228 1203 352 1271 sciebat,
364 1222 397 1262 se
414 1206 477 1263 als
495 1224 583 1264 cxxx
602 1205 736 1263 dedisse:
756 1204 886 1280 ⁶²rogant
905 1222 981 1272 eum,
1008 1207 1042 1259 nt
1064 1200 1107 1269 id,

231 1303 307 1378 quod
319 1304 357 1360 ab
370 1303 440 1376 ipsis
453 1304 561 1361 abisset
573 1305 724 1378 pecuniae,
734 1308 830 1362 curet:
851 1305 888 1360 ab
902 1320 966 1360 sese
986 1301 1107 1366 caveat,

231 1402 470 1475 quemadmodum
480 1402 568 1472 velit:
588 1404 625 1459 de
637 1403 689 1459 illa
702 1401 861 1459 hereditate
874 1417 941 1457 cum
957 1398 1104 1471 Epicrate

228 1499 378 1557 neminem
397 1519 462 1557 esse
481 1505 620 1559 acturum.
660 1500 812 1573 Epicrates
837 1497 969 1554 homines
996 1494 1100 1553 multis

151 1670 154 1674 ,
229 1597 327 1653 verbis
341 1614 358 1654 a
371 1616 402 1655 se
416 1600 492 1656 male
506 1603 641 1672 acceptos
652 1598 777 1656 dimisit:
799 1597 920 1653 redeunt
930 1594 975 1651 illi
986 1591 1103 1666 Rhegio

226 1693 403 1767 Syracusss:
424 1696 504 1769 queri
516 1713 582 1754 cum
595 1696 703 1764 mullis,
714 1697 756 1754 ite
769 1700 801 1754 ut
814 1696 855 1762 tit,
869 1692 1101 1765 incisionem:

227 1790 292 1849 Hs
306 1810 393 1850 nxxx
407 1810 553 1852 nummum
566 1794 669 1852 trustra
689 1794 814 1852 dedisse.
835 1810 880 1850 res
901 1790 1097 1864 percrcbmit:

228 1890 260 1947 in
283 1907 333 1947 ore
356 1896 441 1966 atque
463 1910 594 1950 sermone
613 1893 741 1951 omnium
761 1891 861 1964 coepit
874 1908 947 1947 esse.
988 1889 1097 1945 Verres

226 1984 343 2045 ¹“relect
355 1989 436 2047 illam
450 2008 530 2048 suam
552 1993 764 2064 Syracusanam
779 2011 785 2046 :
807 1990 848 2046 ait
856 2008 887 2045 se
899 1989 976 2046 velle
987 1988 1025 2044 de
1039 1986 1098 2044 illis

228 2085 293 2143 H·S
308 2105 394 2144 cxxx
407 2105 599 2163 cognoscere:
620 2092 747 2147 advocat
762 2090 874 2146 multos.
895 2087 996 2142 dicunt
1016 2084 1096 2142 Bidi-

225 2184 258 2240 ni
272 2185 411 2243 Volcatio
424 2204 455 2242 se
468 2187 600 2244 dedisse:
621 2188 693 2245 illud
707 2205 766 2245 non
780 2188 898 2251 addunt,
905 2185 989 2256 jussu
1002 2182 1095 2240 istius.

225 2267 393 2341 Volcatium
421 2289 524 2342 vocat:
545 2286 699 2359 pecuniam
722 2286 821 2343 reterri
845 2285 975 2357 imperat.
1022 2283 1093 2339 Vol-

225 2382 318 2439 catius
341 2382 438 2441 animo
465 2384 637 2458 aequissimo
663 2402 795 2442 nummos
823 2384 913 2450 affert,
936 2381 1002 2457 qui.
1020 2380 1095 2439 nihil

224 2480 391 2537 amitteret:
411 2481 505 2538 reddit
518 2482 747 2555 inspectantibus
760 2482 870 2540 multis:
895 2479 994 2537 Bidini
1016 2496 1095 2538 num·

224 2594 286 2635 mos
300 2580 440 2639 auserunt.
462 2580 555 2637 Dicet
561 2580 673 2654 aliquis,
686 2581 762 2652 Quid
777 2598 845 2654 ergo
855 2579 886 2637 in
900 2580 956 2636 hoc
968 2577 1093 2635 Verrem

222 2677 419 2745 rarrehendis,
432 2677 482 2750 qui
494 2696 553 2736 nou
567 2680 651 2735 modo
674 2678 737 2751 ipse
758 2680 802 2736 tur
825 2682 956 2745 nonest,
980 2677 1033 2733 sed
1054 2693 1092 2733 ns

221 2774 313 2834 aliam
326 2775 440 2849 quidem
459 2794 557 2849 passus
571 2774 711 2834 estesse?
730 2777 880 2833 attendite.
895 2774 960 2847 jam
984 2773 1091 2832 intelli·

221 2873 298 2947 getis
309 2876 384 2932 hanc
398 2876 560 2947 pecuniam,
573 2893 629 2950 qua
642 2875 693 2933 via
707 2876 791 2932 modo
805 2874 927 2931 visaest
951 2872 1036 2960 exire·
1055 2873 1091 2930 ab

223 2971 289 3039 isto,
303 2975 405 3030 eadem
419 2974 522 3031 semita
541 2974 704 3032 revertisse.
743 2970 849 3044 ⁶⁴Quid
872 2966 1094 3044 enimi-debuit

224 3120 1094 3254 :taes:assumerentur:adasami:

224 3236 283 3282 Sane
292 3252 314 3282 ru
323 3237 365 3282 hac
374 3240 444 3283 torma
454 3240 565 3299 loquendi,
576 3254 654 3284 curare
662 3256 788 3298 peccorum,
797 3256 883 3303 semper
894 3242 953 3345 assud
962 3240 1094 3288 ciceronem

161 3294 164 3300 '
223 3295 410 3341 additurdativus
446 3310 530 3352 rsonae,
540 3296 574 3343 cui
584 3298 676 3357 pecunia
686 3301 846 3347 solvendaest:
874 3314 894 3344 ν.
926 3300 970 3345 lav.
992 3300 1016 3346 in
1027 3314 1094 3348 curo-

223 3355 266 3409 re.)
283 3356 404 3400 sedtamen
431 3354 451 3399 io
460 3354 548 3401 videtur
561 3355 655 3414 intelligi
665 3372 740 3417 posse:
757 3358 888 3419 praesertim
905 3373 954 3405 curn
964 3358 1040 3405 durius
1056 3358 1092 3415 sit,

222 3413 273 3466 sibi,
283 3414 340 3473 qued
348 3412 438 3468 stipsis
447 3414 537 3471 odium
552 3415 611 3476 quod
621 3415 714 3461 deberet
729 3431 776 3463 esse
792 3418 819 3463 nb
828 3432 864 3463 sc:
879 3416 896 3463 si
911 3417 955 3462 siti
972 3416 1044 3474 abest,
1060 3416 1094 3464 di·

222 3477 338 3579 grntur‘er
375 3473 565 3580 'rts'onuuarrantis
596 3475 674 3535 ltaque
684 3473 752 3521 hirtos
763 3480 850 3523 veteres
859 3479 945 3523 secutus
959 3480 1053 3533 sumat
1069 3479 1095 3523 st

246 3545 333 3577 mevrus
349 3544 382 3575 eu

163 3597 164 3600 ’
251 3611 275 3643 ⁶³
288 3608 572 3679 mmsmmsomsyrs
603 3612 646 3658 nt.
661 3611 777 3669 msam„
788 3613 846 3674 quoa
862 3614 886 3657 et
900 3611 923 3658 n
938 3614 1002 3659 totu
1017 3609 1092 3673 mm:

222 3668 350 3719 Lambinus.
381 3668 406 3715 Si
413 3668 511 3722 dorset,
520 3669 581 3715 :llud
589 3684 656 3717 mum
664 3668 837 3737 Syracusanum
845 3684 910 3717 uerno
919 3669 1038 3741 haereret:
1054 3683 1093 3740 cur

221 3726 523 3836 ffigsorgffiselttriiltgdgccetugr
532 3726 579 3777 sit?
592 3730 779 3831 pmesertrm'cum
793 3744 860 3791 saepe
870 3730 913 3776 hoc
928 3728 998 3775 verbo
1006 3728 1092 3832 rutel:-

250 3861 431 3933 mendaeem:
443 3862 680 3932 castoream
693 3865 789 3935 moun,
806 3843 865 3936 ess]
890 3864 930 3935 sse
944 3867 1006 3912 roco
1018 3863 1090 3912 nter»

234 3926 297 3968 ussat
304 3919 412 3971 Gruorrns
419 3932 470 3992 pat
480 3936 547 3974 emm.
556 3929 591 3972 ast
599 3924 658 3974 enirn
665 3924 770 3982 :ascuto
778 3924 916 3982 obiectonu,
924 3937 987 3986 quse
997 3922 1088 3982 eim
