2700 4675
290 596 356 659 350
625 591 819 644 mvmldltl

287 754 422 813 nmquam
435 737 559 811 positam
576 739 787 798 smiomnmr.
829 738 1028 815 Tyndaritani
1040 740 1159 815 dejece-

286 843 354 896 rant
366 837 398 894 in
417 837 496 894 loro:
517 842 548 894 et
561 840 664 895 eadem
685 841 722 895 de
734 856 823 896 causa
836 856 939 914 equum
958 840 1076 898 inanem
1088 840 1155 898 reli·

286 940 418 1012 querunt.
458 935 622 1004 Leontinis,
644 937 749 994 misera
768 936 799 993 in
813 938 935 994 civitate
955 942 1041 1013 atque
1059 937 1152 1006 inani,

285 1038 384 1092 tamen
399 1034 490 1101 istius,
506 1034 536 1090 in
556 1035 719 1107 gymnasio,
739 1040 833 1092 statua
846 1036 961 1108 dejecta
977 1036 1030 1093 est.
1071 1038 1152 1094 Nam

286 1133 354 1207 quid
378 1149 434 1204 ego
454 1134 491 1187 de
517 1133 708 1204 Syracusanis
730 1136 836 1207 loquar,
857 1135 933 1208 quod
953 1151 1012 1191 non
1025 1139 1070 1191 est
1089 1151 1153 1208 pro·

285 1230 377 1304 prium
400 1231 656 1303 Syracusanorum,
681 1233 732 1287 sed
751 1237 782 1288 et
802 1233 917 1290 illorum
938 1249 1099 1299 commune,
1120 1235 1153 1289 et

285 1328 548 1395 conventualium,
568 1345 604 1385 ac
618 1345 705 1402 prope
719 1330 807 1387 totius
826 1327 1018 1405 provinciae?
1040 1335 1151 1404 quanta

286 1424 356 1483 illuc
370 1427 530 1492 multitudo,
543 1432 650 1499 quanta
664 1428 710 1484 vis
724 1429 872 1487 homiuum
884 1427 1056 1486 convenisse
1069 1427 1151 1483 dice·

284 1525 369 1582 batur
382 1531 451 1588 tum,
461 1542 529 1581 cum
538 1529 649 1581 statuae
659 1531 725 1584 sunt
740 1527 817 1583 illius
827 1527 958 1600 dejectae
971 1530 1056 1599 atque
1066 1541 1151 1581 ever·

284 1620 358 1679 sae?
384 1628 414 1678 at
441 1639 498 1695 quo
525 1620 613 1677 loco?
640 1624 830 1679 celeberrimo
855 1642 891 1680 ac
915 1623 1150 1695 religiosissimot

282 1717 382 1775 'ante
405 1718 498 1791 ipsum
521 1718 662 1790 Serapim,
682 1719 712 1773 in
733 1719 824 1789 primo
846 1718 925 1775 aditu
947 1720 1151 1795 vestibuloque

283 1817 395 1890 templi.
436 1816 519 1887 Quod
534 1813 589 1870 nisi
602 1814 740 1871 Metellus
754 1816 809 1871 hoc
823 1821 883 1872 tam
893 1816 1022 1889 graviter
1032 1819 1150 1891 egisset,

284 1921 370 1990 alque
383 1915 465 1971 illam
478 1930 538 1969 rem
551 1911 673 1983 imperio
694 1912 845 1986 edictoque
859 1914 1070 1985 prohibuisset:
1086 1935 1151 1974 ves-

284 2012 387 2087 tigium
407 2016 562 2068 statuarum
583 2009 665 2066 istius
687 2009 719 2067 iu
735 2015 796 2067 tota
817 2011 921 2069 Sicilia
942 2015 1053 2070 nullum
1072 2020 1150 2072 esset

284 2113 427 2170 relictum.

324 2210 422 2281 Atque
440 2226 496 2280 ego
522 2209 578 2265 lroc
602 2226 660 2265 non
685 2225 796 2277 vereor,
815 2228 853 2266 ne
875 2208 944 2285 quid
966 2212 1065 2268 horum
1087 2227 1148 2270 non

282 2307 368 2366 modo
391 2307 523 2379 impulsu,
541 2323 641 2362 uerum
662 2306 781 2363 omnino
801 2308 931 2366 adventu
948 2326 1013 2367 meo
1036 2309 1147 2367 lactum

282 2424 347 2465 esse
362 2406 502 2463 videatur.
530 2405 638 2462 Omnia
651 2404 708 2462 ista
721 2406 878 2464 antefacta
891 2412 965 2474 sunt,
978 2424 1036 2463 non
1049 2408 1147 2473 modo,

282 2524 368 2582 quam
382 2524 437 2580 ego
451 2502 593 2569 Siciliam,
611 2503 813 2561 verumetiam
827 2522 912 2577 quam
925 2506 980 2562 iste
998 2502 1146 2563 ”ltaliam

282 2606 447 2678 attingeret.
472 2602 571 2659 ”dum
593 2618 647 2675 ego
667 2601 699 2659 in
725 2602 828 2659 Sicilia
851 2619 923 2669 sum,
946 2604 1027 2660 nulla
1051 2608 1148 2661 statua

281 2703 396 2775 dejecta
422 2707 475 2758 est.
503 2709 687 2775 posteaquam
714 2699 795 2756 illinc
822 2700 952 2770 discessi,
978 2718 1051 2775 quae
1078 2705 1146 2759 suut

230 2816 271 2881 07
282 2807 373 2872 gesta,
391 2799 566 2870 cognoscite.
608 2798 860 2871 Centuripinorum
873 2802 990 2856 senatus
1002 2799 1144 2868 decrevit,

281 2899 457 2972 populusque
467 2896 562 2968 jussit
583 2902 623 2964 ut,
645 2915 719 2972 quae
738 2901 850 2954 statuae
871 2897 907 2954 O.
929 2898 1032 2954 Verris
1044 2898 1144 2971 ipsius,

282 3002 313 3052 et
333 2996 431 3070 patris,
450 2999 481 3052 et
504 2993 566 3053 filii.
580 3001 687 3063 essent,
701 3014 750 3053 eas
763 3001 928 3071 quaestores
944 2995 1143 3055 demoliendas

311 3146 334 3179 '¹⁰
348 3147 479 3201 osdeipsmn
488 3144 594 3201 Serapim.
638 3144 696 3191 Edd.
708 3160 740 3247 qr
751 3146 824 3205 ἂκρα.
856 3149 910 3198 lnde
923 3147 1009 3207 Sospita
1019 3150 1069 3197 Aac
1085 3150 1141 3199 Ald

281 3204 340 3265 quod
359 3207 383 3247 et
399 3202 421 3246 in
432 3203 488 3247 Mss.
507 3202 583 3261 quibu
602 3216 638 3245 am
653 3207 694 3245 est.
757 3205 874 3255 Manutius
889 3209 956 3254 edere
969 3206 1144 3269 coepturam.-

280 3262 347 3309 male.
377 3258 463 3319 Optimi
472 3259 530 3305 Mss.
549 3258 747 3326 habmtSernpim.
773 3265 884 3328 Serapidis
898 3267 957 3313 inter
973 3264 1070 3313 Graecos
1088 3268 1143 3313 culti

281 3326 306 3368 et
314 3320 358 3366 alia
368 3318 470 3387 exempla
482 3320 532 3363 sunt
541 3331 577 3376 ap.
588 3315 704 3388 Polybium
714 3324 738 3363 et
747 3320 809 3368 alios.
841 3327 903 3372 Ante
912 3325 1062 3372 Alexandrum
1071 3325 1143 3372 Grae-

280 3378 514 3497 q‘segqqq'qqlrponem
526 3380 602 3422 uotam
616 3390 660 3423 non
673 3376 746 3435 luisse,
762 3380 861 3442 disputat
875 3382 1000 3441 Jablonsly
1009 3385 1033 3431 in
1042 3384 1143 3431 Pantheo

281 3512 539 3621 „fflfflmffll
568 3516 695 3576 Affigitest
708 3516 818 3566 aaaron
833 3485 937 3567 antefata
949 3521 1142 3584 ausgeqqaoa

312 3650 334 3684 ⁷⁸
349 3653 404 3698 dum
413 3667 451 3710 ego
458 3651 486 3697 in
494 3649 574 3720 Siciliq
581 3668 630 3702 aum
639 3683 665 3694 --
676 3654 757 3713 Metto
766 3657 813 3719 ast]
843 3654 939 3702 Videtur
949 3656 1086 3704 scribendum
1094 3670 1142 3719 essa

275 3709 321 3766 sui
326 3726 336 3765 ‚¹
345 3726 395 3755 nam
405 3716 506 3771 tempora
513 3708 575 3777 verbs
585 3716 701 3779 utriunque
710 3716 785 3763 eadem
796 3729 843 3763 esse
849 3713 932 3783 dederit
940 3717 1030 3761 eforma
1036 3716 1141 3776 legitima,

278 3768 411 3881 &two
421 3770 548 3817 observavi:
567 3770 667 3838 adeoque
685 3776 726 3820 aut
744 3790 792 3824 mma
804 3801 832 3814 ··
844 3773 1144 3835 dejicitumatfsaiude
