2700 4675
272 575 315 636 30
642 567 768 617 oasrro

272 715 314 774 ita
337 721 391 785 est,
414 720 625 792 procuratorem
645 716 763 773 decreto
781 712 803 747 ‘¹
816 712 963 787 prsetoris
988 719 1157 792 oportuisse

271 833 381 890 parere.
422 816 500 887 Quid
524 815 549 872 si
574 815 617 872 Μ.
633 816 738 872 Brutus
764 811 997 874 intercessurum
1023 834 1061 875 se
1083 817 1162 878 dixit.

270 911 443 987 palumbini
456 914 524 987 quid
546 913 728 987 interipsum
751 910 922 983 Alpbenum
947 918 982 970 et
997 914 1151 974 Naevian

269 1008 466 1070 conveniret?
485 1011 638 1067 videturne
658 1009 855 1067 intercessisse
868 1011 1042 1082 appellatio
1071 1012 1152 1072 tribu·

217 1110 255 1169 21
270 1127 379 1176 nomm,
397 1107 485 1166 ”non
499 1125 606 1175 morae,
619 1110 670 1165 sed
689 1107 792 1165 auxilii
805 1103 913 1164 carisa?
936 1107 1024 1180 Quid
1039 1111 1146 1170 deinde

269 1206 322 1267 tt?
343 1208 506 1282 Alphenus,
520 1212 551 1264 ut
563 1224 664 1265 omnes
689 1205 854 1280 intelligere
876 1211 1012 1279 possent,
1032 1208 1148 1283 jndicio

267 1308 385 1366 defendi
400 1307 561 1381 Quintium,
581 1324 620 1364 ne
643 1324 699 1381 qua
719 1306 836 1363 subesse
856 1309 956 1377 posset
978 1306 1148 1366 alienesut
1231 1301 1233 1348 9

268 1407 356 1481 ipsius
369 1408 475 1475 officio,
489 1411 538 1464 aut
559 1406 643 1480 hujus
667 1403 883 1463 existimatione
907 1403 1146 1482 suspicio,]vircs

268 1507 367 1563 bonos·
382 1509 543 1579 complures
567 1505 701 1562 advocat.
730 1506 859 1569 testetur,
872 1500 929 1558 isto
943 1503 1101 1574 audiente,
1114 1522 1145 1564 ss

267 1620 319 1678 pso
331 1604 478 1660 communi
493 1602 707 1660 necessitudine
717 1602 748 1658 id
759 1600 880 1673 primum
891 1605 1002 1673 petere,
1018 1621 1061 1662 ne
1075 1604 1143 1680 quid

267 1700 392 1758 atrocius
404 1701 436 1758 in
450 1700 486 1757 P.
501 1698 652 1772 Quintium
676 1702 826 1757 absentem
839 1698 902 1756 sine
925 1715 1020 1758 cama
1031 1702 1141 1762 (acme

267 1803 396 1856 conetur.
418 1798 582 1856 sinautem
603 1797 814 1866 inimicissime,
839 1802 924 1872 atque
947 1797 1141 1860 infestissime

266 1899 443 1957 contendere
464 1903 639 1972 perseveret,
665 1916 697 1955 se
725 1902 856 1971 paratum
881 1913 946 1953 esse
959 1899 1046 1957 omni
1060 1905 1141 1959 recta

267 2003 351 2073 atque
366 1999 487 2056 honeste
500 1997 611 2076 ratione
624 1997 788 2063 defendere,
802 1995 876 2068 quod
890 1998 981 2068 petat,
1001 2013 1067 2056 non
1090 2000 1141 2058 de

263 2097 345 2159 beri:
365 2095 577 2168 “sejudicium
589 2095 629 2163 id,
640 2096 716 2170 quod
727 2096 802 2162 edat,
817 2092 959 2167 accipere.
1001 2092 1078 2170 lidus
1088 2097 1141 2167 rei,

265 2192 495 2263 conditionisque
516 2194 638 2247 tabelias
650 2193 877 2265 obsignaverunt
896 2190 953 2248 viri
970 2193 1044 2252 boni
1057 2213 1137 2254 oom-

265 2291 368 2363 pIures.
383 2305 429 2344 res
442 2288 473 2345 iu
487 2287 605 2345 dubium
618 2290 720 2347 venire
734 2307 794 2348 non
808 2294 910 2365 potest.
925 2290 965 2357 fit,
980 2292 1068 2351 rebus
1077 2311 1140 2355 om-

264 2388 347 2446 nibus
361 2387 490 2463 integris,
504 2405 596 2462 neque
611 2389 787 2463 proscriptis,
811 2406 905 2463 neque
929 2392 1072 2461 possessis
1087 2395 1137 2451 bo·

263 2488 319 2558 nis,
343 2494 374 2547 ut
389 2490 540 2564 Alphenus
564 2488 712 2563 promittat
736 2487 863 2555 Naevio,
882 2485 946 2544 sisti
966 2487 1132 2560 Quintium.

263 2588 358 2646 Venit
381 2590 419 2645 ad
433 2588 629 2646 vadimonium
646 2588 791 2660 Quintius.
799 2587 881 2657 jncet
905 2603 951 2642 res
970 2584 1004 2643 in
1017 2595 1137 2649 contro·
1232 2652 1233 2667 ,

264 2686 375 2752 versiis,
395 2685 452 2741 isto
465 2686 661 2742 calumniante
672 2685 832 2754 biennium,
851 2685 1024 2758 usquedum
1046 2687 1133 2747 inve·

264 2783 380 2850 niretur,
402 2797 457 2856 qua
471 2782 581 2838 ratione
603 2800 648 2839 res
660 2785 696 2839 ab
710 2783 816 2840 usitata
828 2784 1038 2842 consuetudine
1051 2803 1136 2847 rece·

263 2882 352 2950 deret,
366 2885 396 2938 et
409 2879 440 2939 in
454 2881 510 2938 hoc
534 2880 677 2956 singulare
685 2881 829 2956 Judicium
849 2899 936 2939 causa
950 2881 1044 2943 omnis
1059 2903 1131 2947 con·

263 2982 434 3038 cluderetur.
476 2981 561 3052 Quod
572 2979 708 3046 officium,
722 2979 758 3037 0.
774 2979 895 3054 Aquilli,
908 2984 1131 3047 commemorari
1159 2962 1163 2969 ¹

293 3132 452 3194 ⁸''praeturist
483 3131 885 3181 sansanctissimae.
911 3134 1131 3187 uodetaliaemaie

262 3195 352 3238 secutae
361 3195 418 3248 sunt,
428 3195 453 3237 ut
462 3191 523 3237 Junt.
544 3190 606 3247 didi,
616 3196 658 3237 ete.
669 3190 717 3237 scil.
728 3193 833 3253 scriptum
847 3200 896 3238 erat
927 3192 981 3239 Ite
1004 3207 1035 3240 uo
1043 3195 1131 3246 bean

262 3247 337 3296 Praei.
349 3249 413 3295 Rom.
445 3251 470 3296 ln
479 3249 519 3296 tali
530 3249 639 3295 sententia
648 3263 691 3295 nou
701 3248 790 3296 additur
799 3251 912 3297 Praetoris
920 3251 990 3298 verbo

290 3326 312 3360 ⁰⁸
326 3342 459 3383 conmorce,
469 3327 692 3389 seduueilic'euussJ
722 3327 766 3375 Ed.
785 3329 823 3374 W.
843 3330 869 3376 P.
886 3329 977 3377 Manat
995 3330 1059 3378 sunt
1081 3337 1130 3382 ete.

261 3401 320 3434 more
326 3403 336 3443 ;
350 3387 409 3446 quod
419 3388 477 3433 maio
486 3387 604 3434 detendunt
613 3386 767 3434 Hotomannus
782 3392 806 3434 et
815 3387 935 3443 remens,
945 3387 1006 3450 quasi
1021 3388 1059 3446 sit,
1075 3404 1132 3440 oon.

261 3450 297 3492 tra
307 3445 373 3515 leges,
384 3443 421 3513 ubi
431 3443 558 3493 intercessio
566 3445 637 3492 locum
652 3459 697 3492 non
713 3445 817 3492 babebat
848 3447 946 3503 Etenim,
963 3451 1011 3492 tum
1027 3450 1131 3499 nondam

261 3518 337 3552 caussa
349 3503 450 3561 indrede
459 3508 515 3563 erat,
526 3505 659 3550 sedtantum
676 3504 783 3564 praetoris
793 3505 906 3552 decretum
923 3505 1030 3552 extabat:
1047 3506 1072 3554 in
1081 3522 1130 3570 qus
1151 3526 1154 3531 ·

260 3562 383 3633 appellatio
389 3561 454 3608 uibb.
466 3562 515 3619 lege
520 3566 548 3632 et
555 3577 616 3609 more
625 3565 657 3609 fit.
688 3563 748 3610 Edd.
759 3563 826 3633 Rom.
837 3563 874 3610 Br.
885 3568 948 3614 litt).
964 3563 1030 3612 Med.
1046 3571 1127 3637 sunm

258 3621 389 3743 &diffie
389 3620 560 3742 ieessrofffffl
569 3635 648 3678 aurae,
662 3622 722 3682 quod
731 3624 755 3668 et
769 3626 835 3668 estur
851 3623 888 3669 ed.
908 3623 963 3672 Ald.
993 3622 1085 3671 centres
1102 3640 1131 3673 m

258 3759 506 3872 &cariffi-suriz&
513 3757 775 3867 &Quali-dd.
788 3776 822 3837 pr.
832 3762 879 3810 tere
890 3761 988 3823 judicio.
1002 3761 1132 3813 lambiunt
