2700 4675
562 581 784 639 ranacario.
940 570 944 576 '
1072 604 1110 648 rx

238 737 489 806 Waldart'eria'na
503 748 536 805 et
558 739 805 822 Girardengiana
825 737 1005 823 discrepare
1021 737 1108 801 vide·

238 827 321 903 bam,
341 850 402 891 non
429 829 522 892 modo
545 828 733 889 lectionibus
760 824 913 909 pluribus,
935 824 993 887 sed
1015 824 1109 886 etiam

237 915 410 977 orationum
435 913 517 975 serie
547 932 584 973 ac
611 931 751 985 numero,
782 930 854 972 cum
881 909 890 970 i
915 929 950 970 sa
979 909 1111 973 haberet

237 1019 357 1072 omnes,
399 1018 479 1080 quae
510 997 549 1058 ab
581 996 642 1059 illis
679 996 838 1058 abessent.
927 1003 1109 1077 osteaquam

237 1083 418 1167 exemplum
427 1081 588 1145 Romanae
603 1088 716 1144 nactus
733 1101 812 1155 sum,
825 1079 890 1142 vidi
903 1101 944 1143 ex
959 1101 998 1142 ea
1013 1087 1110 1142 totam

240 1168 284 1230 ita
298 1167 426 1230 ductam
441 1187 524 1242 esse,
540 1173 575 1228 ut
589 1167 683 1229 etiam
698 1186 845 1229 numerus
869 1165 1012 1228 soliorum
1036 1185 1110 1229 con·

238 1252 362 1327 sentiat,
386 1252 517 1337 paginae
541 1252 673 1314 eaedem
689 1252 761 1327 sint,
778 1251 882 1332 sitque
899 1259 1017 1314 tantum
1033 1251 1110 1314 duo-

236 1357 305 1400 rum
329 1337 555 1400 versiculorum
582 1337 762 1400 discrimen.
825 1336 976 1401 Ceterum
1007 1342 1110 1399 tamen

237 1423 389 1504 quasdam
414 1424 567 1486 lectiones
594 1423 624 1484 ei
650 1423 793 1508 proprias
810 1422 926 1498 notavi,
943 1423 981 1484 ab
1002 1441 1109 1484 errore

236 1529 402 1593 operarum
423 1518 517 1592 atque
540 1507 633 1571 etiam
652 1507 776 1591 judicio
796 1507 937 1583 editoris,
954 1505 1110 1569 interdum
1170 1544 1173 1550 ·

236 1613 299 1656 non
324 1601 424 1670 recto,
448 1602 485 1656 ut
510 1615 581 1657 cum
606 1594 637 1656 in
663 1592 721 1656 Or.
750 1593 790 1654 ad
815 1591 913 1666 Quia.
931 1612 968 1675 p·
991 1591 1034 1655 R.
1050 1613 1111 1678 pro

238 1676 459 1743 Diadematus
484 1678 573 1742 dedit
589 1678 800 1742 Dalmaticae
823 1699 865 1741 ex
887 1677 947 1740 alia
961 1676 1109 1754 editione,

238 1783 310 1826 cum
326 1765 408 1827 illam
420 1766 586 1829 lectionem
601 1787 662 1829 non
678 1771 821 1850 caperet,
834 1765 908 1826 item
923 1763 954 1826 in
972 1762 1029 1826 Or.
1051 1783 1111 1848 pro

238 1846 323 1934 Leg.
339 1848 466 1915 Manil.
483 1872 513 1914 c.
527 1856 556 1912 1.
569 1858 602 1913 et
619 1856 669 1913 15.
683 1851 737 1913 ubi
748 1858 840 1913 notae
855 1848 1028 1912 videndae:
1052 1847 1112 1910 sed

239 1955 345 1999 earum
359 1957 507 1999 numerus
522 1945 573 2000 est
587 1937 679 1999 valde
696 1937 840 2017 exiguus.

282 2020 338 2083 Ab
367 2021 417 2084 his
442 2043 538 2109 porro
569 2021 704 2084 Venetis
733 2029 765 2083 et
795 2020 953 2083 Brixiensi
984 2026 1109 2082 ceterae

238 2104 370 2182 fluxere,
386 2128 494 2170 omnes
509 2107 579 2170 illae
600 2107 725 2192 plenae,
741 2106 944 2188 similiterque
960 2104 1110 2167 ordinatis

239 2211 277 2252 ac
289 2191 419 2274 digestis
431 2192 633 2269 orationihuS,
646 2192 841 2255 adAldinam
853 2211 954 2273 usque
966 2190 1112 2276 primam.

238 2273 323 2341 Nam
337 2280 423 2363 quod
438 2280 477 2343 ab
493 2279 515 2344 J
519 2280 641 2344 untinae
657 2278 812 2364 exemplis
828 2277 941 2340 abeunt
952 2276 1109 2341 Verrinae

238 2369 272 2426 et
290 2362 498 2453 Philippicae,
513 2368 583 2430 illae
600 2365 728 2450 quidem
744 2365 912 2451 separatim
927 2385 964 2426 ac
980 2362 1110 2449 proprio

238 2450 395 2514 volumine
410 2452 514 2516 editae
530 2460 613 2528 sunt,
629 2459 665 2514 ut
686 2458 760 2536 post
774 2450 969 2512 ridebimus:
993 2456 1026 2510 et
1041 2447 1109 2509 aliie

193 2576 195 2579 v
234 2534 438 2614 editionibus,
449 2535 803 2620 utVenetiS,‚Vcrrinae
814 2534 969 2617 orationes
981 2532 1025 2596 ita
1036 2532 1112 2595 sub-

232 2621 340 2705 jectae
351 2625 476 2698 sunt,ut
485 2620 647 2707 proprium
658 2617 792 2695 titulum,
804 2618 971 2682 etlormam
983 2636 1109 2703 separa·

237 2707 262 2769 ti
273 2708 437 2771 voluminis
453 2708 604 2770 habeant:
631 2711 802 2788 extantque
815 2711 848 2767 et
863 2703 941 2766 aliae
952 2703 1109 2768 editiones

242 2791 388 2879 Philipp:
404 2793 550 2869 solarum,
566 2792 703 2875 itemque
722 2789 877 2854 interdum
897 2790 981 2853 solae
998 2789 1109 2852 Verri·

236 2897 294 2941 nae
305 2879 469 2962 sirbjectae
479 2887 562 2955 aunt,
572 2886 607 2942 ut
620 2878 649 2941 in
665 2877 753 2939 Ven.
772 2881 865 2939 1495.
886 2880 978 2938 1499.
1024 2875 1109 2939 Nam

238 2962 358 3028 Venet.
367 2985 395 3027 a.
409 2970 502 3028 1495.
519 2973 552 3027 et
561 2970 654 3027 1499.
668 2960 1003 3035 hermeneumata.
1016 2959 1107 3023 Sam.

238 3047 278 3111 de
287 3048 454 3126 Portare,
464 3052 639 3133 iterumque
654 3054 747 3111 1499.
759 3068 817 3132 per
832 3045 911 3109 Bere.
923 3045 1109 3122 Hectorem,

239 3134 361 3197 Bonon.
389 3135 478 3199 basin
504 3135 620 3198 habent
646 3134 816 3197 editionem
841 3153 870 3193 a.
901 3136 998 3193 1480..
1018 3132 1050 3194 in
1070 3132 1108 3193 iis

240 3221 441 3296 orationibus,
465 3242 542 3303 quas
559 3220 610 3284 illa
623 3221 730 3295 habet,
751 3218 860 3282 saltem
880 3217 962 3280 illam
977 3217 1109 3303 primam

243 3308 336 3367 1495.
354 3327 448 3388 quam
459 3313 584 3368 ceterae
600 3306 737 3368 imitatae
754 3312 836 3379 sunt,
858 3302 915 3367 sed
930 3303 963 3365 in
981 3302 1108 3366 nonnul·

240 3387 277 3449 lia
293 3389 370 3452 locia
381 3412 399 3452 e
409 3390 552 3455 Romana
567 3392 618 3453 vel
633 3390 783 3454 Brixiana
794 3397 979 3464 correctam,
996 3387 1057 3464 cui,
1069 3395 1109 3458 ut

239 3474 360 3558 opinor,
383 3483 515 3561 propter
544 3479 703 3539 raritatem
734 3475 916 3575 parcebant,
947 3494 1006 3537 nec
1037 3473 1107 3557 ejus

240 3561 419 3644 exemplum
440 3561 544 3646 perire
567 3562 715 3624 volebant
734 3582 764 3624 rn
787 3560 911 3623 officina
926 3580 984 3645 per
998 3578 1107 3644 opera·

239 3665 308 3706 rum
332 3665 450 3707 manus.
511 3645 621 3709 Editio
649 3645 777 3729 quidem
801 3645 929 3708 Veneta
953 3666 982 3705 a.
1012 3646 1105 3705 1505.

238 3729 325 3814 apud
353 3729 623 3815 Christophorum
651 3731 690 3795 de
716 3729 837 3795 Peneis
864 3751 936 3795 cum
962 3727 1106 3791 omnibus

239 3815 323 3878 vitiis
348 3816 476 3903 repetiit
499 3817 678 3903 exemplum
707 3839 736 3881 a.
770 3821 863 3884 1499.
910 3814 984 3881 Hae
1014 3812 1106 3896 igitur
