2700 4675
281 543 342 604 m
592 526 628 584 l!
641 531 785 583 marum

274 684 311 746 io
324 683 485 757 reieffione
503 681 637 756 judicum
651 682 811 756 judicavit,
831 695 868 735 ea
885 694 941 753 spe
965 671 1060 740 istum
1079 675 1162 740 lune

273 784 452 858 ,praeclitum
478 786 511 839 nt
534 799 651 840 omnem
677 780 818 838 rationem
845 777 949 835 salutis
975 778 1008 837 iu
1038 780 1159 853 pecnnia

278 887 420 956 poneret:
451 883 508 938 hoo
530 887 630 954 erepto
651 878 803 953 praesidio,
826 881 859 933 ut
882 878 999 936 nullam
1022 878 1081 936 sibi
1104 896 1157 937 rem

278 981 448 1054 adjumento
460 980 521 1035 lore
535 980 728 1035 arbitraretur.

248 1066 269 1126 4
317 1077 438 1136 Etenim
464 1079 541 1151 quod
565 1081 610 1133 est
636 1076 787 1149 ingenium
809 1072 949 1133 tantum?
978 1092 1057 1151 qnae
1081 1080 1154 1134 tenu

278 1176 402 1234 faculas
422 1175 541 1232 dicendi
555 1180 586 1231 et
598 1174 693 1247 copia,
712 1190 785 1246 quae
799 1173 884 1229 istius
898 1172 1005 1241 vitam,
1020 1179 1065 1232 lot
1079 1173 1150 1232 vitiis

278 1274 452 1348 flagitiisque
466 1274 644 1340 convictam,
656 1272 720 1344 jam
734 1271 845 1343 pridem
857 1270 993 1330 omnium
1004 1275 1150 1330 voluntate

221 1431 229 1452 Ι,
273 1374 444 1448 judicioque
468 1374 643 1439 damnatam,
667 1370 763 1445 aliqua
782 1387 820 1426 ex
841 1374 923 1443 parte
947 1371 1040 1443 possit
1058 1371 1150 1428 delen·

281 1470 374 1529 dere?
396 1472 487 1544 Cujus
501 1478 531 1528 nt
547 1469 762 1528 adolescentiae
781 1471 910 1525 maculas
925 1468 1152 1544 ignominiasque

279 1567 1151 1642 praetereamquaestura,primnsgradushonoris‚qnidaliud

277 1665 370 1723 halet
390 1666 420 1722 in
434 1684 475 1732 se,
490 1667 546 1722 nisi
562 1668 617 1723 Cn.
634 1667 798 1722 Carbonem
819 1664 838 1695 ¹¹
846 1666 1007 1739 spoliatum
1020 1684 1040 1724 a
1059 1684 1149 1741 quaes

279 1768 340 1822 tore
363 1783 414 1821 suo
437 1764 561 1837 pecunia
575 1760 712 1837 publica?
729 1766 871 1822 nudatum
885 1769 915 1832 et
928 1764 1078 1838 proditum
1091 1783 1149 1824 con

274 1860 394 1921 aulem?
419 1865 563 1920 desertum
587 1860 769 1920 exercitum?
790 1864 924 1920 relictam
945 1860 1148 1937 provinciam?

273 1964 364 2022 sortis
382 1963 626 2020 necessitudinem
641 1961 867 2034 religionemque
883 1960 1054 2021 violatam?
1073 1963 1147 2037 cujus

278 2062 387 2135 raalio
421 2061 623 2118 existumant
651 2061 743 2117 Asiae
772 2042 857 2116 totius
885 2065 916 2117 a
941 2062 1146 2136 Pamphilius:

278 2157 380 2231 quibus
401 2159 432 2213 in
457 2159 616 2229 provinciis
637 2161 742 2214 multas
764 2160 873 2226 domos,
898 2160 1040 2231 plurimas
1062 2163 1146 2227 urbes.

277 2254 376 2312 omnia
394 2254 465 2310 lana
484 2256 671 2327 depeculatus
686 2262 739 2323 est,
757 2275 823 2313 cum
836 2256 868 2313 in
882 2256 940 2315 Cn.
963 2260 1143 2318 Dolabellam

271 2357 373 2413 ‘scelus
393 2372 475 2411 suum
492 2354 561 2410 illud
578 2353 727 2428 pristinum
750 2357 906 2414 renovavit
926 2361 959 2415 et
979 2358 1145 2417 instauravit

278 2454 487 2531 quaestorium:
513 2471 579 2533 enm
594 2472 668 2522 eum,
690 2455 738 2511 cui
752 2457 862 2528 legatus
876 2459 907 2512 et
925 2474 981 2529 pro
1001 2464 1143 2532 quaestore

276 2555 387 2621 luisset,
410 2560 440 2610 et
461 2554 491 2610 in
515 2553 658 2610 invidiam
680 2554 737 2610 suis
752 2552 902 2611 maleficiis
923 2556 1060 2625 adduxit.¹
1078 2556 1143 2614 etin

272 2651 347 2722 ipsis
361 2651 496 2722 periculis
511 2655 671 2710 nouaclum
685 2652 820 2718 desernit,
834 2653 887 2707 sed
901 2653 995 2711 etiam
1009 2670 1143 2729 oppugna·
1217 2700 1219 2731 ÷

277 2747 322 2804 vit
345 2765 380 2806 ao
404 2750 539 2821 prodidit.
589 2752 680 2824 Cujus
707 2755 837 2824 praetura
861 2752 984 2821 urbana,
1006 2751 1141 2811 ¹'aedium

276 2863 420 2927 sacramm
446 2846 499 2904 luit
529 2848 763 2922 publicorumque
792 2865 912 2923 operum
939 2851 1139 2926 depopulatio;

274 2945 361 3001 simul
388 2945 419 3002 in
447 2947 512 3018 jure
540 2947 675 3013 dicundo,
703 2948 842 3004 bonorum
868 2951 1141 3025 possessionumque,

276 3095 469 3155 eetacompeudio
479 3096 503 3141 P.
518 3097 547 3142 R.
559 3098 660 3158 quodest
674 3115 696 3145 v.
708 3115 727 3147 c.
742 3100 765 3146 in
780 3100 827 3148 Ms.
846 3099 890 3147 Gn.
902 3101 965 3148 unde
980 3104 1065 3151 sasaim
1081 3100 1141 3151 Pu'n

275 3153 326 3197 edd.
335 3168 371 3256 pr.
402 3153 494 3222 Primus.
505 3156 622 3258 explanate
638 3164 728 3230 praeter
743 3160 806 3230 dedit
820 3159 900 3228 dldup.
911 3175 948 3229 ξω
965 3162 1059 3222 quidem
1076 3163 1139 3215 domi,

275 3211 423 3316 {pppiffis
433 3215 664 3326 gpglffidppendum,
675 3233 714 3278 qm
721 3235 744 3265 m
754 3222 871 3277 repectione
877 3219 980 3276 Judrcum
987 3236 1092 3282 praesum
1099 3221 1139 3273 lulis

305 3349 323 3380 ¹¹
338 3349 502 3416 spoliuluynap.
513 3364 529 3396 s.
539 3365 584 3406 pec.
592 3352 697 3408 publicu.-
706 3355 887 3411 nudatum-clm.
898 3356 929 3417 a]
961 3357 1077 3407 Graevius
1086 3357 1139 3419 witi

275 3411 373 3453 veterem
383 3406 552 3465 distinctionem,
570 3419 670 3470 quaeest
680 3412 701 3458 in
712 3414 760 3460 Ms.
771 3413 814 3460 Gn.
830 3429 906 3459 veram
922 3429 985 3463 esse:
996 3433 1029 3476 sp.
1040 3433 1055 3464 u
1067 3435 1086 3479 q.
1096 3429 1140 3464 ult:

272 3465 452 3536 pecunpuilim
464 3468 584 3524 nudatum,
596 3475 615 3514 el
623 3485 660 3526 pr.
672 3485 690 3516 a.
701 3473 739 3516 sed
749 3473 800 3518 edd.
813 3473 842 3520 ll.
854 3471 891 3518 Br.
906 3473 938 3521 sic
946 3474 1112 3547 interpam
1120 3476 1141 3519 ld

276 3528 367 3585 vulgati.
399 3526 457 3570 Sane
467 3527 578 3572 nudulum
587 3542 630 3574 non
644 3529 701 3575 bene
710 3531 849 3589 conjungitur
857 3545 907 3577 nrm
917 3536 938 3577 et
943 3536 1066 3590 mmm
1074 3545 1140 3581 cm*

271 3587 324 3632 lan.
357 3585 416 3630 Puto
431 3583 569 3630 scribendum
578 3601 627 3632 esse
636 3602 666 3644 sp.
678 3605 691 3633 a
701 3605 721 3658 q.
733 3603 749 3635 a.
761 3605 783 3646 p.
790 3591 882 3644 publico
890 3593 1092 3651 dstudotusnrpr.
1100 3604 1142 3638 arn

274 3646 401 3701 mleaaetc.
435 3641 541 3689 Similiter
549 3659 567 3689 c.
577 3649 598 3690 5.
611 3646 723 3703 conjunxit
732 3649 925 3703 maimaituudu'
978 3686 984 3698 .
1011 3652 1139 3700 Malae

273 3700 337 3750 binus
347 3701 448 3760 conjicit:
461 3702 572 3758 plutima
581 3704 660 3761 donna,
671 3707 752 3752 multus
760 3709 833 3753 ardea.
845 3721 889 3754 non
945 3723 966 3756 e.

302 3780 324 3812 ¹²
337 3780 653 3843 dodisma-depopulatis]
685 3784 1080 3850 Haecrelerunmradffiquaeh
1097 3786 1141 3836 lis

269 3832 337 3884 verr.
349 3855 368 3886 c.
378 3844 415 3890 50.
427 3857 443 3889 s.
455 3845 578 3888 sanantis.
