2700 4675
283 507 346 568 152
571 499 607 549 lb
621 498 844 554 Q-fflctidubi

280 650 456 723 potestatem
478 646 682 723 optionemque
701 645 827 706 t'setums
838 646 887 714 sit,
897 650 932 704 ut
952 646 1052 722 eligas
1061 653 1154 708 utrum

279 748 372 818 velis3
392 748 501 806 iustum
519 764 720 815 esee‚neene:
739 763 841 804 venun
862 762 939 814 esse,
962 762 1006 804 en
1028 746 1149 808 fulsum:
1189 738 1192 742 ’

278 850 372 904 utrium
384 846 502 915 dixeris,
515 846 547 904 id
567 851 669 905 oontrs
681 850 711 902 te
722 844 854 902 futurum.
897 842 960 916 Qui
973 842 1031 902 tibi
1045 850 1145 913 cestu,

276 943 326 1018 qui
338 960 423 1010 error,
437 961 510 1018 quse
523 946 670 1010 tenebrae,
679 942 721 1000 dii
732 941 929 1000 immnrtsleet
947 947 1046 1011 erunt,
1060 942 1145 1002 bomi-

275 1040 309 1099 ni
324 1039 443 1097 minime
456 1037 554 1097 melo?
575 1038 675 1112 Quid?
688 1057 754 1097 cum
769 1039 964 1098 accusationis
977 1044 1050 1099 tum
1061 1057 1143 1100 mem·

275 1138 326 1195 bru
336 1136 468 1194 dividere
477 1135 616 1209 coeperit,
629 1142 661 1194 et
677 1136 710 1194 in
723 1136 823 1210 digitis
832 1138 894 1195 suie
903 1137 1042 1212 singulm
1051 1144 1143 1214 partes

274 1250 379 1292 ceusue
398 1230 596 1293 constituere?
620 1231 721 1306 Quid?
740 1237 961 1311 unumquodque
975 1237 1139 1312 transigere,

274 1332 422 1407 expedire,
435 1334 587 1391 absolvere
601 1330 613 1391 i
638 1333 705 1405 lpee
718 1332 846 1404 protecto
866 1339 997 1392 metuere
1011 1334 1138 1408 incipies

274 1448 313 1488 ne
326 1430 477 1490 innocenti
491 1431 651 1505 periculum
663 1430 822 1487 secesseris.
864 1430 942 1503 Quid
954 1428 966 1490 t
987 1450 1056 1490 eum
1067 1448 1140 1492 oom-

274 1528 414 1594 miseruri‚
437 1529 584 1602 conqueri,
617 1534 647 1585 et
678 1547 716 1585 ex
737 1528 815 1584 illius
842 1528 957 1588 invidia
984 1531 1138 1590 deonerare

272 1624 391 1698 aliqud,
411 1630 441 1683 et
467 1624 498 1682 in
523 1630 554 1682 te
581 1626 715 1698 trejicere
741 1623 895 1699 coeperit?
916 1643 1139 1690 commemorare

272 1721 431 1797 quaestoris
442 1738 509 1779 cum
519 1726 649 1795 praetore
670 1723 918 1781 necessitudinem
931 1723 1139 1786 eonetitntsrni
1181 1709 1183 1713 ⁵

272 1836 382 1878 morem
396 1818 562 1894 maJ‘orum?
582 1820 665 1877 sortis
687 1818 881 1895 religionem?
911 1815 1067 1882 Poterisne
1081 1824 1138 1898 ejus

271 1918 411 1976 orationis
425 1919 519 1977 subire
533 1915 700 1977 invidiam?
721 1919 800 1976 Vide
823 1921 925 1976 modo:
946 1920 1044 1980 etiam
1057 1928 1138 2000 etque

271 2017 361 2074 etium
384 2017 544 2076 considere.
564 2016 637 2074 mibi
661 2016 740 2074 enim
760 2016 876 2074 videtur
895 2018 1061 2090 periculum
1074 2020 1140 2086 tore,

271 2131 309 2169 ne
324 2114 374 2169 ilie
396 2131 455 2171 non
477 2116 562 2172 modo
576 2114 673 2171 verbis
688 2119 716 2171 te
740 2115 850 2180 obruet,
863 2116 916 2171 sed
930 2122 1018 2189 gestu
1031 2117 1095 2192 ipso
1106 2133 1138 2174 sc

270 2213 349 2265 motu
363 2210 490 2281 corporis
503 2211 694 2285 praestringat
706 2210 801 2269 eciem
815 2211 928 2286 ingenii
938 2214 992 2283 tui,
1008 2221 1091 2291 teque
1104 2216 1139 2272 eb

268 2306 410 2366 institutis
422 2307 478 2366 tuis
498 2307 777 2385 cogitationibusque
800 2312 935 2371 abducet.
979 2314 1078 2391 Atque
1091 2316 1138 2375 hu·

262 2407 349 2482 juece
364 2406 405 2465 rei
423 2407 567 2481 judicium
580 2406 645 2479 jem
664 2408 804 2467 continuo
817 2409 906 2467 video
927 2411 1065 2471 futunrm.
1105 2412 1137 2471 Si

269 2506 349 2565 enim
362 2507 435 2565 mibi
445 2507 531 2566 hodie
545 2508 718 2580 respondere
730 2509 769 2564 ed
782 2509 954 2582 baec,.quue
969 2510 1050 2580 dico,
1062 2516 1138 2586 potu

269 2607 341 2661 eris:
363 2607 389 2662 si
402 2609 439 2662 ab
452 2606 508 2662 isto
520 2606 602 2673 libro,
621 2623 707 2680 quem
730 2605 784 2662 tibi
798 2605 937 2680 magister
953 2609 1029 2677 ludi,
1041 2609 1138 2667 nescio

268 2702 327 2774 qui,
348 2721 386 2758 ex
408 2702 512 2760 alienis
534 2704 711 2761 orationibus
731 2704 922 2777 compositum
942 2705 1037 2776 dedit,
1050 2708 1138 2765 verbo

266 2815 326 2857 uno
336 2799 518 2859 discesseris:
539 2819 622 2874 posse
645 2807 675 2858 te
697 2806 727 2858 et
748 2801 793 2858 illi
816 2820 929 2877 quoque
947 2802 1069 2876 judicio
1081 2822 1138 2865 nou

266 2899 378 2968 deesse,
392 2906 422 2958 et
435 2919 540 2958 causae
553 2905 638 2975 etque
652 2899 748 2957 officio
762 2904 811 2958 tuo
835 2900 1006 2960 satisfecere
1020 2903 1134 2961 arbitre-

266 3002 333 3056 bor:
355 3000 401 3055 sin
414 3017 538 3064 mecum,
548 2997 579 3054 in
588 2997 643 3054 hac
657 2997 831 3070 prolusione,
839 2997 913 3054 nihii
926 2997 1033 3059 fueris:
1054 3016 1136 3077 quem

265 3099 296 3151 te
309 3095 341 3150 in
354 3095 417 3166 ipse
430 3111 535 3167 pugne,
548 3111 614 3150 cum
631 3095 772 3155 acerrimo
792 3095 970 3176 edversario,
984 3098 1047 3157 iore
1061 3104 1136 3174 pute·

264 3187 352 3248 mus?
839 3246 846 3259 ,
970 3258 972 3263 ,

214 3315 252 3375 15
303 3287 396 3345 Esto:
417 3287 479 3360 ipse
494 3287 568 3345 nihii
587 3292 729 3356 estnihil
744 3296 855 3366 potest:
878 3293 1011 3359 etvenit
1024 3299 1137 3370 paratus

238 3384 241 3389 ’
262 3404 330 3446 cum
343 3385 578 3459 subscriptoribus
600 3390 769 3448 exercitatis
790 3395 821 3448 et
844 3390 970 3449 disertis.
1014 3394 1071 3453 liet
1091 3398 1130 3450 ts·

261 3505 329 3546 men
343 3487 399 3543 boc
423 3486 553 3561 aliquid:
579 3487 694 3544 temetsi
716 3506 776 3546 non
801 3493 845 3546 est
867 3489 948 3546 sutis.
993 3492 1135 3550 Omnibus

261 3587 340 3645 enim
353 3587 436 3642 rebus
449 3585 484 3653 is,
492 3585 540 3660 qui
553 3586 688 3660 princeps
699 3586 731 3644 in
739 3588 854 3661 egendo
868 3592 923 3655 est,
932 3589 1134 3651 ornatissimi!

260 3691 291 3742 et
304 3684 498 3758 paratissimus
522 3701 586 3740 esse
600 3686 697 3742 debet.
738 3687 953 3746 Verumtamen
967 3689 1007 3746 L.
1028 3679 1136 3764 Adule·

253 3782 320 3855 ium
342 3803 406 3847 esse
431 3782 521 3847 video
544 3782 709 3857 proximum
727 3784 960 3860 subscriptorem,
985 3787 1134 3853 hommem
