2700 4675
559 565 739 617 murmuro.
1035 574 1096 633 1⁶5

223 713 262 775 te,
275 709 306 765 id
320 712 397 783 quod
422 729 483 769 nou
508 717 600 787 poter,
624 715 758 789 persequi
779 713 906 781 coneris,
925 713 957 770 id
980 712 1098 787 egium

220 813 383 865 oeteromm
420 828 530 885 quoque
562 812 688 884 injuriae
725 812 784 869 siut
813 812 973 885 impunitae
1012 816 1099 885 alque

225 904 354 962 inultae:
376 912 406 964 et
419 908 475 965 hoo
491 912 520 966 te
530 910 677 982 praeterit,
692 926 752 967 uon
763 909 793 967 id
807 911 900 967 solum
915 908 1041 983 spectari
1055 926 1100 966 to·

225 1004 297 1070 lere,
307 1003 357 1077 qui
373 1005 489 1073 debeat,
503 1007 555 1063 sed
575 1007 664 1065 etium
675 1006 756 1075 illud,
769 1007 818 1084 qui
829 1008 920 1081 poerit
933 1008 1046 1066 ulcisci.
1067 1007 1099 1065 in

225 1105 442 1177 qnoutmmque
455 1104 502 1172 eit,
524 1122 590 1163 eum
609 1106 783 1180 superiorem
796 1124 877 1175 esem
896 1106 1005 1183 inquo
1028 1109 1099 1164 elte-

227 1216 301 1267 rum,
314 1200 345 1259 in
359 1203 394 1259 ed
414 1220 483 1273 noo,
496 1204 602 1279 quidie
624 1205 706 1273 velit,
719 1207 772 1266 red
785 1206 854 1281 quid
874 1207 971 1265 fauere
996 1206 1096 1279 poerit,

226 1298 326 1372 moeri
338 1302 437 1359 sotere.
467 1303 592 1376 rQuodsi
607 1304 638 1361 ei
652 1304 835 1377 potissimum
853 1321 956 1362 censes
970 1304 1099 1377 permitti

226 1397 357 1471 oportere
389 1403 547 1460 uoeusandi
581 1406 766 1476 potestatem,
794 1402 843 1459 oui
876 1402 1035 1460 maximam
1062 1402 1099 1460 0.

227 1496 335 1555 Verres
355 1498 492 1573 injuriam
510 1500 629 1559 feeerit:
649 1503 745 1557 utrum
765 1502 885 1558 tandem
908 1517 1013 1557 oeneee
1040 1501 1098 1557 hoo

220 1594 338 1669 judiees
353 1599 477 1673 gravius
490 1600 564 1657 serre
577 1602 719 1673 oportere,
738 1604 768 1656 te
782 1599 884 1657 abillo
900 1617 964 1657 esse
978 1601 1099 1666 laesum,

226 1710 264 1753 en
289 1693 630 1770 provincieiis‘l'eifoilium
650 1716 715 1756 eme
728 1703 867 1757 vexatam
880 1715 915 1756 ee
930 1695 1099 1772 perditam?

227 1783 672 1867 opinor,00n'cedlr‚'multohoc
682 1803 712 1856 et
726 1816 790 1856 erse
804 1797 931 1872 gravius,
945 1806 976 1854 et
989 1798 1026 1853 ab
1040 1812 1100 1854 om·

227 1890 313 1948 nibus
327 1891 393 1950 ferri
416 1896 533 1969 gravius
547 1900 688 1968 oportere.
729 1896 869 1953 Concede
889 1894 985 1967 igitur,
999 1900 1030 1950 ut
1046 1892 1101 1949 tibi

229 1994 422 2062 anteponetur
435 1991 467 2048 in
491 1992 657 2048 eeoueondo
675 1973 926 2063 providerint&
949 1991 1102 2063 provincie

229 2091 358 2155 uoousnt,
378 2105 445 2146 oum
466 2088 490 2145 is
511 2089 571 2163 agit
584 2104 710 2155 caueam,
724 2105 810 2163 quem
830 2083 887 2147 sili
906 2088 958 2145 illa
971 2088 1101 2144 delemu-

230 2203 292 2244 rem
306 2186 350 2245 sui
364 2187 448 2261 juris,
462 2189 583 2245 ultorem
602 2173 779 2261 injuriamm,
800 2193 928 2245 notorem
941 2203 1046 2244 caueae
1060 2190 1102 2244 to·

230 2285 287 2345 tius
300 2286 460 2362 adoptavit.
503 2289 547 2347 Al
559 2306 623 2346 eam
638 2288 691 2348 tibi
705 2289 741 2348 C.
753 2288 861 2346 Verres
874 2286 944 2346 feeit
957 2286 1101 2362 injurium,
1114 2296 1152 2360 17

228 2404 303 2464 quae
325 2393 485 2446 ceterorum
499 2407 610 2464 quoque
624 2389 737 2446 animos
750 2393 851 2462 posset
873 2387 971 2445 alieno
993 2387 1102 2443 inoom·

229 2487 317 2543 modo
339 2477 534 2545 commovere.
576 2487 711 2554 Minime,
724 2504 792 2543 nom
807 2486 837 2542 id
851 2502 962 2558 quoque
986 2485 1024 2539 ad
1041 2500 1104 2539 rem

228 2583 375 2657 pertinere
389 2584 520 2650 arbitror,
538 2583 630 2656 qualis
655 2582 763 2654 injurie
782 2582 909 2638 dicatur:
929 2595 1105 2654 quaerente

228 2680 449 2738 inimicitiarum
476 2680 641 2754 proseratur.
683 2680 862 2754 Cognoscite
886 2697 924 2738 ex
952 2698 1008 2737 me.
1034 2695 1104 2736 nam

230 2779 288 2837 isle
313 2797 377 2836 eam
391 2780 530 2853 prolecto,
555 2778 612 2837 uisi
633 2782 719 2852 plone
742 2778 815 2836 nilril
843 2779 928 2851 eupit,
949 2794 1118 2853 numquam,

230 2879 366 2953 proferet.
408 2878 521 2954 Agonis
535 2882 580 2935 eet
606 2877 758 2952 quaedam,
782 2877 988 2949 Lilybaetana,
1000 2877 1105 2933 liberte

231 2975 357 3035 Veneris
382 2977 547 3052 Erycinae:
577 2993 652 3052 quoe
674 2974 779 3033 mulier
798 2979 866 3031 onte
880 2975 958 3031 huno
971 2980 1103 3049 quaesto-

229 3093 299 3144 rem,
314 3077 432 3151 oopiosa
447 3079 535 3151 plane
550 3080 581 3132 et
594 3077 725 3148 locuples
739 3071 802 3130 ruit.
845 3074 894 3130 Ab
908 3075 963 3131 hee
978 3073 1104 3148 preelec-

235 3177 281 3230 tus
307 3175 430 3233 Antonii
442 3175 559 3249 quidam
582 3172 809 3247 symphoniacos
830 3190 930 3230 eervoe
943 3164 1106 3234 ebduoebot

234 3271 451 3359 perinjurium,
477 3273 578 3346 quibus
605 3290 637 3328 se
659 3272 691 3329 in
715 3274 809 3329 eluere
830 3272 872 3329 uli
886 3275 964 3330 velle
978 3275 1104 3332 dicebat.
1133 3333 1136 3339 ,

235 3371 318 3429 Tum
339 3369 399 3437 illa,
412 3375 443 3427 ut
456 3389 517 3428 mos
531 3370 562 3427 in
578 3370 683 3426 Sicilia
697 3375 742 3426 eet
754 3370 884 3428 omnium
896 3373 1106 3438 Venereorum,

234 3474 267 3528 et
284 3485 391 3534 eorum,
404 3467 452 3541 qui
466 3485 483 3524 o
495 3468 616 3525 Venere
635 3485 666 3523 se
680 3467 887 3536 liberaverunt,
904 3475 936 3527 ut
956 3471 1104 3543 praelecto

236 3567 283 3627 illi
294 3565 464 3640 religionem
472 3565 599 3643 Veneris
610 3582 774 3639 nomenque
784 3566 931 3640 objiceret,
942 3569 1017 3624 dixit
1030 3572 1061 3622 et
1074 3581 1106 3618 se

237 3671 269 3725 et
279 3663 380 3722 omnia
397 3680 450 3720 sue
457 3662 584 3720 Veneris
595 3681 671 3720 esse.
711 3663 773 3720 Ubi
786 3666 841 3722 hoe
850 3664 993 3740 quaestori
1005 3659 1107 3718 Caeci·

237 3766 288 3832 lio,
303 3764 367 3821 viro
377 3761 488 3845 optimo
502 3765 532 3818 et
545 3761 657 3821 homini
671 3763 852 3841 aequissimo,
866 3763 1029 3820 nuntiatum
1042 3761 1106 3826 eet3

239 3861 340 3921 voeari
351 3863 387 3920 ed
398 3879 429 3920 se
442 3859 717 3938 Agonidemjubet:
732 3861 877 3938 judicium
893 3853 1108 3948 detetetim,ei
1154 3941 1156 3944 Ι
