2700 4675
269 557 335 620 m
604 545 641 601 m
655 547 801 601 vmllm

271 698 459 777 pronuntiari.
499 700 604 757 Utrum
623 698 711 773 igitar
734 702 820 771 potas
835 698 938 769 legem
964 696 1152 755 molliorem?

272 801 376 874 opinor
395 800 476 859 illam
491 804 699 873 veteremque
713 798 762 853 vel
776 796 838 853 cito
851 795 985 863 absolvi,
1001 799 1053 853 vel
1075 798 1147 853 tarde

270 898 458 956 condemnari
483 898 602 955 licebat.
656 896 720 970 Ego
734 894 884 951 libiillam
907 893 1044 952 Aciliam
1058 898 1146 969 legent

271 997 468 1069 metiumque
482 998 547 1067 lege
570 995 654 1051 multi
675 996 767 1050 semel
791 993 932 1060 mensali,
954 996 1050 1051 semel
1070 994 1144 1051 dieta

270 1111 366 1159 cansa,
380 1095 468 1149 senei
484 1093 590 1149 auditis
604 1092 734 1158 testibus,
748 1092 939 1148 condemnati
954 1100 1033 1160 sant,
1045 1110 1142 1167 neqtrs·

270 1208 356 1265 qnam
368 1195 429 1247 tam
439 1190 610 1256 manifestis,
624 1207 718 1263 neque
729 1189 820 1246 tantis
834 1189 1018 1259 criminibus,
1032 1192 1142 1266 quantit

270 1294 302 1347 itt
314 1289 511 1348 convinceris.
530 1294 600 1363 puta
614 1294 643 1345 te
663 1306 723 1346 non
746 1288 803 1345 hac
827 1294 889 1345 tum
909 1290 1011 1357 atroci,
1026 1290 1142 1347 sedilia

270 1389 338 1463 lege
351 1389 502 1447 mitissima
515 1404 632 1446 oausam
644 1388 752 1444 dicere.
796 1389 970 1445 Accusalsa:
988 1389 1141 1459 responde-

271 1490 470 1546 distantibus
496 1488 592 1555 editis,
617 1486 637 1518 ²²
651 1488 694 1544 ita
718 1486 831 1543 mittam
854 1487 887 1543 in
914 1485 1077 1553 consilinm,
1098 1491 1141 1553 ut,

271 1585 387 1642 etiamsi
408 1588 458 1642 les
481 1585 640 1658 ampliandi
663 1585 753 1641 iaciat
776 1590 963 1657 potestatem,
976 1591 1074 1643 tamen
1093 1583 1139 1642 isti

222 1684 424 1755 tempestat
438 1684 616 1749 existiment,
627 1701 686 1740 non
700 1684 794 1755 primo
800 1684 945 1755 judicare.
987 1682 1139 1750 Veramri

271 1798 388 1838 causam
396 1782 534 1853 cognosci
546 1798 615 1854 opus
629 1785 683 1848 est,
691 1800 830 1853 parumne
845 1782 967 1855 cognita
976 1780 1044 1840 esti
1064 1781 1138 1839 dissi·

271 1882 421 1947 mutamus,
437 1879 585 1947 Hortensi,
611 1881 687 1953 qnod
710 1897 799 1951 saepe
824 1880 939 1953 experti
953 1881 996 1961 ‚in
1020 1881 1140 1938 rh'cendo

270 1996 376 2035 sumus
419 1977 491 2051 Quis
519 1996 577 2036 non
603 1995 777 2051 magnopere
801 1978 926 2035 attendit
947 1997 1093 2053 arnapam,
1110 1978 1139 2035 ἰ

272 2078 328 2133 ltoc
348 2078 464 2151 quidem
485 2095 591 2150 genere
614 2094 775 2143 causarum,
796 2077 845 2133 ubi
858 2077 980 2150 'aliquid
1007 2084 1140 2151 ereptum,

270 2179 320 2229 ant
335 2177 461 2230 ablatum
473 2193 493 2230 s
505 2176 639 2247 quopiam
658 2173 784 2232 dicitur?
804 2192 903 2231 nonne
917 2183 971 2233 aut
984 2177 1016 2233 in
1030 2177 1138 2242 tabulis,

271 2276 319 2326 aut
333 2270 363 2326 in
379 2271 499 2328 testibus
512 2273 606 2329 omnis
631 2274 814 2346 exspectatio
829 2274 964 2347 judicum
978 2272 1051 2332 est?
1072 2271 1139 2331 llixi

270 2371 363 2446 prime
376 2374 501 2440 actione,
524 2390 569 2430 me
593 2375 710 2446 planum
723 2391 788 2430 esse
802 2374 953 2441 lactumm,
969 2376 1005 2431 0.
1021 2375 1140 2432 Verrem

272 2472 335 2537 'HJ-S
350 2472 584 2551 quadringenties
597 2480 699 2530 contra
723 2477 818 2547 tegern
838 2475 1003 2531 absmlisse.
1048 2467 1140 2547 Quid!

270 2579 327 2634 ltoc
351 2575 464 2647 planius
489 2573 621 2646 egissem,
643 2572 668 2628 si
692 2574 733 2628 ita
747 2569 929 2644 narrassem?
953 2574 1015 2630 Dio
1028 2573 1138 2648 qnidam

271 2673 324 2729 tutt
340 2672 503 2737 Halesinns,
517 2672 575 2745 qui,
587 2688 654 2727 cum
669 2670 730 2742 ejus
744 2671 813 2738 lilio,
825 2677 957 2743 praetore
975 2673 1137 2736 Sacerdote,

271 2769 415 2826 heretiitas
425 2787 443 2852 a
455 2771 613 2845 propinquo
626 2786 782 2842 permagna
795 2769 936 2835 venisset,
952 2771 1029 2826 sinit
1044 2768 1137 2826 ltabttit

270 2886 364 2943 neque
378 2868 498 2943 negotii,
512 2887 605 2942 neque
618 2868 844 2925 controversiae.
887 2867 1009 2934 Verres,
1022 2869 1137 2925 sinatur

271 2969 367 3042 tetigit
390 2968 579 3041 provinciam,
600 2966 699 3024 statim
722 2967 888 3022 Messanam
911 2965 1028 3024 litteras
1042 2965 1136 3024 dedit:

271 3066 399 3121 Dionem
418 3067 574 3122 evocavit:
595 3065 818 3122 calumniatores
841 3081 878 3120 ex
900 3064 969 3120 sinu
990 3082 1046 3122 sao
1061 3078 1137 3137 appo

270 3161 335 3226 suit,
356 3162 403 3233 qui
417 3162 498 3218 illam
517 3164 707 3220 hereditatem
722 3162 834 3218 Veneri
847 3161 1000 3233 Erycinae
1013 3159 1137 3219 commis·

271 3275 331 3313 sam
346 3275 409 3313 esse
423 3258 563 3314 dicerent.
585 3260 641 3315 hac
655 3264 692 3316 de
712 3279 741 3317 re
760 3260 888 3318 ostendit
901 3261 1034 3332 seipsum
1048 3258 1137 3334 cogni·

271 3361 373 3413 turum
427 3357 547 3412 Possum
582 3357 721 3432 deinceps
749 3364 840 3416 totam
873 3375 934 3414 rem
969 3360 1135 3433 explicare:

270 3455 375 3512 deinde
383 3456 422 3511 ad
436 3460 597 3512 extremum
608 3456 647 3522 id,
656 3459 731 3530 quod
742 3456 860 3524 accidit,
869 3456 991 3513 dicere:
1016 3459 1139 3514 Dionea

271 3556 334 3614 Hs
359 3553 458 3612 decies
485 3559 611 3610 centena
638 3555 731 3612 millia
754 3571 930 3621 numerasse,
958 3560 993 3612 ut
1019 3567 1138 3613 causam

270 3710 322 3815 ai
333 3708 551 3815 itatem]
572 3706 1139 3829 {iiiiiiniiiffilffifflliss

271 3826 354 3872 tionem
371 3841 443 3872 meam
461 3829 486 3872 el
506 3824 792 3882 namnetensem
806 3825 1139 3882 jmieeitsbeoeooetien

272 3885 535 3945 permansierant,
551 3888 576 3932 ut
585 3883 860 3945 ampliareaonaudeant.
