2700 4675
463 586 537 637 AOT.
554 587 584 636 n.
600 584 698 637 usca
712 585 841 635 Patrius.
1033 588 1091 647 191

220 753 288 808 per3
307 739 340 791 ut
354 736 392 790 ad
406 736 571 792 audendum
592 736 747 809 projectus,
759 734 803 789 sic
824 734 939 805 paratus
959 730 996 786 ad
1017 729 1095 787 audi·
1129 774 1146 798 x

223 835 342 889 endum.
364 838 480 905 praesto
501 839 561 908 est:
584 833 755 906 respondet:
785 829 958 886 detenditur.
979 844 1017 884 ne
1039 828 1095 883 hoc

222 917 340 1005 quidem
354 930 411 986 sibi
432 931 535 1005 reliqui
549 930 629 995 iacit,
642 935 674 986 ut
687 930 720 986 iu
734 930 817 985 rebus
830 926 1012 1000 turpissimis,
1026 942 1096 982 cum

227 1029 383 1085 manifesto
398 1033 538 1102 teneatur,
552 1028 578 1085 si
591 1027 721 1094 reticeat,
740 1032 770 1083 et
790 1027 873 1093 absit,
894 1030 992 1082 tamen
1006 1024 1097 1097 impu·

230 1126 349 1183 dentiae
376 1144 445 1184 suae
470 1128 625 1198 pudentem
649 1126 760 1182 exitum
785 1125 931 1199 quaesisse
954 1123 1096 1180 videatur.

230 1224 342 1292 Patior,
358 1225 482 1297 judices,
501 1230 531 1282 et
549 1243 607 1283 non
629 1229 750 1283 moleste
765 1225 835 1293 iero,
849 1242 895 1282 me
909 1225 1014 1282 laboris
1029 1223 1096 1291 mei,

232 1339 285 1378 vos
295 1323 407 1379 virtutis
417 1329 530 1381 vestrae
539 1324 662 1381 fructum
674 1342 737 1379 esse
751 1326 869 1379 laturos.
911 1324 990 1378 Nam
1002 1323 1028 1377 si
1042 1323 1097 1377 iste

231 1419 261 1477 id
275 1420 401 1490 iecisset,
415 1424 490 1496 quod
510 1422 602 1494 primo
617 1426 766 1488 statuerat,
778 1424 811 1476 ut
825 1436 884 1476 non
897 1421 1028 1475 adesset:
1048 1418 1101 1475 mi-

231 1535 286 1575 nus
296 1519 454 1593 aliquanto,
475 1537 560 1593 quam
582 1518 655 1576 milri
677 1536 749 1591 opus
770 1524 856 1585 esset,
869 1522 1100 1591 cognosceretur,

229 1616 300 1691 quid
314 1635 368 1691 ego
382 1618 414 1674 in
428 1618 483 1673 hac
508 1618 695 1676 accusatione
717 1618 910 1690 comparanda
924 1616 1101 1674 constituen-

229 1716 323 1789 daque
347 1717 555 1774 elaborassem:
588 1722 687 1773 vestra
714 1733 785 1772 vero
810 1718 871 1772 laus
897 1715 992 1772 tenuis
1014 1718 1100 1788 plane

220 1819 320 1887 atque
344 1816 473 1882 obscura,
488 1815 614 1888 judices,
636 1819 722 1871 esset.
775 1816 879 1887 Neque
903 1815 983 1871 enim
1004 1816 1060 1870 hoc
1084 1830 1103 1869 a

233 1912 319 1969 vobis
339 1914 460 1985 populus
480 1913 627 1969 Romanus
652 1917 927 1984 exspectatusque
951 1930 987 1968 eo
1008 1914 1104 1983 potest

196 2078 200 2085 ,
230 2028 299 2067 esse
315 2014 482 2076 contentus,
496 2009 522 2065 si
535 2010 745 2065 condemnatus
756 2009 794 2063 sit
806 2008 840 2075 is,
851 2009 900 2082 qui
910 2012 1011 2065 adesse
1025 2011 1105 2065 nolu·

230 2108 304 2176 erit3
326 2111 357 2163 et
370 2107 395 2163 si
414 2106 501 2163 sortes
515 2106 626 2163 fueritis
650 2107 683 2163 in
705 2123 750 2174 eo,
763 2124 847 2181 quern
863 2125 948 2165 nemo
969 2108 1007 2163 sit
1020 2124 1105 2163 ausus

234 2206 401 2277 defendere.
432 2205 522 2262 immo
548 2223 619 2262 vero
651 2206 736 2273 adsit,
763 2208 953 2279 respondeat:
987 2206 1105 2263 summis

234 2303 346 2378 opibus,
360 2322 471 2367 summo
491 2304 587 2363 studio
605 2304 870 2378 potentissimorum
890 2305 1039 2364 hominurn
1057 2306 1106 2362 de·

236 2404 383 2461 tendatur:
405 2410 499 2461 certet
518 2422 584 2461 mea
594 2405 746 2477 diligentia
765 2422 832 2461 cum
852 2405 966 2462 illomm
979 2405 1109 2461 omnium

241 2503 419 2576 cupiditate:
454 2509 553 2558 vestra
579 2503 731 2574 integritas
758 2519 825 2558 curn
850 2503 933 2557 istius
967 2501 1107 2574 pecunia:

238 2601 361 2658 testium
375 2599 541 2656 constantia
553 2615 619 2654 cum
633 2597 712 2655 illius
727 2605 909 2670 patronorum
923 2599 1010 2656 minis
1024 2604 1109 2673 atque

238 2696 383 2772 potentia.
404 2702 465 2754 tum
485 2697 600 2753 demum
620 2696 672 2752 illa
693 2697 774 2752 victa
795 2696 976 2764 videbuntur,
990 2715 1056 2755 cum
1078 2697 1110 2754 in

240 2797 463 2854 contentionem
477 2799 681 2868 certamenque
700 2795 843 2852 venerint.
887 2797 1003 2852 Absens
1017 2796 1042 2852 si
1055 2795 1111 2853 iste

242 2900 320 2952 esset
334 2896 496 2962 damnatus,
511 2911 569 2951 non
593 2897 651 2949 tam
669 2893 731 2966 ipse
750 2894 807 2950 sibi
827 2894 1014 2961 consuluisse,
1027 2911 1112 2969 quam

246 2975 388 3051 invidisse
403 2999 518 3075 vestrae
533 2991 612 3049 laudi
630 2991 785 3049 videretur.
828 2993 931 3068 Neque
945 2992 1024 3049 enim
1037 2994 1143 3058 salus2

245 3093 305 3149 ulia
326 3093 503 3166 reipublicae
527 3085 619 3165 major
640 3092 696 3147 hoc
717 3096 845 3164 tempore
869 3091 986 3163 reperiri
1009 3097 1113 3166 potest,

246 3207 331 3263 quam
345 3194 482 3262 populum
496 3191 658 3246 Romanum
672 3189 846 3262 intelligere,
857 3189 1011 3263 diiigenter
1025 3191 1113 3270 rejec-

249 3286 288 3341 tis
302 3287 339 3340 ab
363 3292 530 3344 accusatore
545 3287 703 3359 judicibus,
724 3288 828 3355 socios,
849 3290 938 3361 leges,
962 3291 1114 3362 rempubli-

249 3400 325 3449 cam,
339 3383 483 3440 seuatorio
496 3385 620 3441 consilio
630 3384 757 3441 maxime
769 3403 852 3457 posse
865 3387 1000 3443 defendi:
1021 3405 1115 3460 neque

249 3484 333 3538 tanta
355 3479 476 3538 fortunis
500 3466 628 3538 omnium
656 3483 800 3554 pernicies
826 3481 942 3556 ³potest
966 3485 1117 3550 accedere,

243 3595 335 3692 quam
349 3577 486 3650 opinione
501 3579 599 3652 populi
613 3579 739 3636 Romani
758 3580 897 3639 rationem
918 3581 1061 3645 veritatis,
1074 3579 1118 3636 in-

220 3777 222 3779 .
273 3733 285 3764 ³
297 3736 364 3788 potest
372 3732 491 3792 accedere
507 3731 543 3779 01
552 3731 735 3780 Ruhnkenrusad
746 3733 817 3781 Rutrl
827 3735 1027 3841 Iuthietigunp
947 3731 1027 3791 gurisp
1030 3732 1120 3776 ...icor

243 3780 296 3849 rigit
308 3791 414 3839 occidere.
425 3795 494 3850 recte,
501 3801 527 3838 ut
535 3805 621 3853 opinor
637 3792 788 3852 sicininiv,
796 3794 869 3843 otas
905 3805 1002 3848 canorae
1012 3787 1117 3837 occidere
