2700 4675
527 574 591 627 rao
605 563 631 628 r‘.
647 576 792 632 curario.
1063 580 1102 641 13
1126 544 1130 549 ’

233 723 378 798 pellantur
389 724 516 783 tribuni:
537 727 668 801 aquibus
678 729 830 783 cumesset
839 729 949 782 certum
962 723 1102 780 auxilium

235 823 367 895 petitum,
378 821 419 879 ita
433 830 531 881 tamen
545 823 712 889 disceditur,
732 828 764 879 ut
777 823 871 879 idibus
887 821 1102 895 Septembribus

232 915 267 977 P.
281 919 434 991 Quintium
448 921 512 977 sisti
523 923 597 977 Sex.
613 923 766 993 Atplrenus
778 921 964 994 promitteret.
1006 920 1131 985 Venitss

235 1020 359 1075 Romam
379 1019 536 1091 Quintius:
565 1019 762 1077 vadimonium
785 1020 870 1076 sistit.
920 1021 988 1087 Iste,
1015 1021 1102 1076 homo

233 1116 398 1185 acerrimus,
414 1120 552 1175 bonorum
565 1135 718 1191 possessor,
742 1121 885 1191 expulsor,
908 1123 1028 1190 ereptor,
1053 1137 1102 1175 au·

234 1232 304 1271 num
327 1219 357 1271 et
376 1234 429 1272 sex
443 1232 557 1273 menses
571 1216 644 1273 nihil
659 1217 748 1289 petit:
770 1216 909 1289 quiescit:
930 1216 1102 1273 conditioni·

234 1314 285 1369 bus
306 1315 391 1381 bunc,
405 1316 499 1388 quoad
521 1320 625 1387 potest,
643 1313 664 1345 ³³
675 1315 822 1387 producit:
844 1332 862 1369 a
877 1315 933 1370 On.
947 1315 1102 1370 Dolabella

232 1411 356 1485 denique
373 1418 503 1485 praetore
517 1415 651 1485 postulat,
665 1418 697 1467 ut
711 1412 766 1468 sibi
787 1411 924 1483 Quintius
939 1411 1102 1483 judicatum

232 1512 308 1567 solvi
323 1511 452 1576 satisdet‚
464 1528 501 1566 ex
515 1511 644 1582 formula,
659 1528 744 1574 ouon
759 1528 798 1565 ss
813 1528 853 1565 uo
866 1527 979 1575 rursu,
994 1528 1103 1572 QUOM-

233 1625 276 1663 ΑΜ
299 1626 383 1676 urus,
409 1626 450 1665 sx
473 1625 793 1675 Enlcaopsasuoa18‚
820 1626 901 1663 sona
928 1625 1001 1663 mss
1026 1625 1100 1663 xxx.

232 1726 382 1764 rossssss
393 1725 474 1763 sinu.
492 1705 548 1763 non
563 1709 715 1763 recusabat
727 1706 874 1777 Quintius,
889 1706 957 1779 quin
972 1706 1013 1761 ita
1026 1706 1046 1735 ³⁴
1057 1724 1099 1760 sa·

232 1805 338 1861 tisdare
350 1807 475 1877 juberet,
501 1806 525 1861 si
554 1808 629 1861 bona
653 1824 784 1877 possessa
809 1803 907 1860 essent
928 1822 966 1859 ex
991 1805 1098 1859 edicto.

234 1904 394 1959 Decernit:
415 1921 499 1976 quam
513 1921 644 1975 aequum,
659 1903 730 1959 nihil
747 1902 831 1957 dico:
853 1918 940 1955 unum
954 1902 1010 1956 hoc
1024 1889 1099 1967 (licei,
1117 1894 1124 1915 “

234 2018 361 2057 novum:
396 2006 425 2056 et
449 2002 505 2055 hoc
536 2000 629 2071 ipsum
663 1999 787 2054 tacuisse
812 2000 936 2063 maliem,
965 1997 1099 2068 quoniam

233 2102 382 2170 utrumque
417 2096 513 2169 quivis
549 2096 713 2168 intelligere
747 2096 894 2168 potuisset.
948 2095 1038 2151 Jubet
1065 2096 1098 2150 P.

234 2196 385 2267 Quintium
399 2193 614 2268 ³⁵sponsionem
631 2211 697 2251 cum
716 2195 785 2251 Sex.
806 2194 923 2250 Naevio
936 2194 1031 2250 facere
1049 2202 1099 2250 aut

230 2294 378 2352 satisdare.
435 2296 469 2352 Sa
499 2311 580 2351 nous
609 2311 666 2350 sua
691 2312 733 2350 ss
758 2311 874 2350 solaro
900 2307 926 2349 r.
949 2311 1096 2350 strumam

230 2410 401 2451 raassoars
422 2410 495 2448 naus
514 2410 590 2448 xxx.
604 2389 784 2447 ³⁶rosssssn
799 2406 929 2445 sessus.
973 2393 1097 2446 Recursa-

228 2496 309 2553 bant,
323 2491 371 2564 qui
389 2493 510 2545 aderant
530 2492 590 2543 tum
606 2487 736 2556 Quintio
757 2484 1001 2552 demonstrabant,
1015 2488 1051 2540 de
1065 2473 1100 2541 re¹

223 2590 368 2660 judicium
393 2585 456 2642 fieri
477 2588 618 2656 oportere,
633 2587 665 2637 ut
686 2587 734 2637 aut
758 2587 875 2655 uterque
897 2582 973 2638 inter
992 2601 1033 2650 se,
1047 2588 1096 2640 aut

231 2691 334 2743 neuter
344 2684 512 2742 satisdaretr
534 2698 592 2739 non
607 2696 727 2739 necesse
742 2700 805 2737 esse
818 2682 923 2738 lamam
934 2684 1049 2741 alterius
1064 2685 1094 2742 iu

258 2840 281 2873 ³³
292 2840 418 2913 producit]
443 2838 487 2886 Ed.
499 2832 535 2884 W.
544 2828 653 2896 perducit
664 2837 730 2884 male.

256 2920 279 2954 ³⁴
293 2919 397 2966 satisdare
406 2911 515 2978 juberet]
546 2917 654 2964 Graevius
672 2917 747 2963 edidit
759 2915 882 2974 juberetur
895 2932 908 2962 e
919 2917 968 2964 Ms.
977 2916 1056 2964 Fratre.
1069 2923 1093 2965 ut

225 2979 318 3026 volebat
328 2980 396 3025 etiam
407 2976 534 3025 Lambinus.
550 2977 671 3023 sarebona
688 2980 723 3021 ost
736 2977 792 3021 haec
810 2975 891 3021 lectio=
910 2977 949 3022 sed
963 2981 986 3021 et
1004 2977 1094 3035 vulgata

227 3039 286 3084 bona
295 3044 335 3095 est,
343 3035 457 3084 intellecto
467 3040 570 3096 praetore
579 3053 583 3079 ι
600 3035 629 3080 de
638 3036 699 3097 cujus
708 3036 799 3080 decreto
806 3034 928 3095 praecedit.
960 3034 1030 3093 Igitur
1039 3036 1093 3081 nihii

226 3098 318 3153 mutavi,
328 3097 369 3142 etsi
375 3096 495 3154 „iuberetur
504 3093 588 3139 facilius
595 3097 635 3140 est.

258 3176 279 3207 ³⁵
293 3165 507 3231 sponsioas·msurere
516 3196 526 3206 ·
534 3199 544 3209 ·
554 3176 594 3227 aut
602 3172 724 3232 umore]
756 3172 792 3218 sic
800 3169 825 3218 P.
837 3171 1094 3219 Manutiusedidissedi·

225 3233 296 3290 citur;
311 3233 370 3294 quod
379 3233 407 3277 de
418 3233 452 3277 ed·
464 3231 522 3276 Van.
536 3230 588 3276 Aldi
599 3245 648 3290 nep.
661 3234 724 3278 llud.
735 3231 807 3276 intelli
823 3231 910 3285 endum,
923 3231 945 3275 iu
959 3246 1003 3291 qua
1012 3247 1025 3276 e
1035 3233 1092 3278 notis

227 3291 254 3337 P.
266 3291 330 3336 Man.
343 3291 366 3336 in
379 3293 463 3335 textum
480 3291 584 3334 insertum
594 3293 634 3333 cst.
659 3289 719 3334 Nam
730 3291 765 3334 ed.
777 3289 802 3334 Ρ.
843 3304 879 3334 an.
892 3293 954 3335 leto.
971 3305 1013 3334 uon
1026 3291 1091 3336 babet

227 3348 389 3394 nmautndurt.
420 3347 580 3393 sedesverba
589 3347 641 3392 addi
649 3347 741 3392 volebat
754 3348 915 3402 Hotomanuus‚
926 3352 949 3392 et
959 3348 981 3393 in
997 3349 1044 3395 Me.
1059 3364 1093 3394 re.-
1162 3383 1166 3401 p

227 3407 287 3467 perit
296 3406 422 3451 Lambinus
447 3407 566 3467 Sequentia
575 3406 607 3450 ita
617 3406 721 3460 clamant,
731 3421 758 3450 ea
767 3405 835 3451 verba
844 3405 880 3450 hic
889 3407 1016 3463 desiderari,
1030 3413 1055 3453 ut
1064 3423 1092 3453 ea

225 3480 276 3511 oum
283 3463 342 3510 Aido
352 3470 432 3523 nepote
440 3465 523 3510 addere
531 3478 575 3510 uon
585 3463 712 3511 dubitarim.

257 3543 279 3574 ³⁶
292 3548 385 3597 possedit
399 3542 483 3644 essenti]
515 3542 573 3611 Pldd.
582 3555 618 3610 pr.
630 3542 660 3587 R.
671 3542 708 3585 W.
717 3541 742 3586 B.
753 3543 807 3587 latu
824 3542 851 3587 A.
860 3549 1005 3611 pastenacas
1015 3549 1088 3589 esrem.

224 3601 311 3649 Primus
319 3614 365 3645 noa
372 3599 455 3644 delevit
484 3634 489 3644 .
500 3600 620 3654 Victorius,
630 3613 695 3659 quem
705 3599 730 3644 P.
739 3599 855 3645 Manutius
864 3601 946 3661 aiuque
953 3603 1021 3658 menti
1031 3609 1087 3646 sunt.

224 3659 346 3708 lambinus
356 3662 433 3703 autem
449 3657 573 3714 corrigebat
583 3658 609 3702 m'
619 3683 628 3690 -
637 3683 646 3690 -
655 3671 744 3711 possessu
754 3673 799 3703 aaa
808 3663 882 3712 urent,
893 3666 919 3704 ut
935 3665 958 3704 et
968 3660 1087 3705 Gurterrrs:

239 3733 280 3765 uae
291 3716 348 3763 ratio
357 3716 442 3777 optima
456 3720 479 3760 et
497 3715 649 3761 consuetudini
655 3715 788 3771 judiciorum
803 3716 914 3762 simillima
924 3719 1018 3763 videtur.
1045 3717 1089 3763 Sed

187 3778 192 3789 “
223 3734 443 3823 deletomaeadem
453 3773 562 3820 sententis
572 3772 651 3819 existit.
683 3775 836 3843 Atqueetiam
852 3774 875 3820 in
890 3776 941 3821 aliis
957 3775 1088 3821 locistaiem

221 3834 387 3881 aberrationem
396 3849 410 3878 a
419 3833 545 3881 solennibus
554 3832 653 3879 formulis
662 3846 789 3892 reperimus.
804 3848 826 3880 v.
838 3834 867 3879 ad
876 3849 896 3880 c.
907 3837 943 3880 27.

266 3930 338 3974 von·
360 3934 401 3973 rr.
666 3917 684 3971 4
