2700 4675
526 592 589 639 PRO
603 591 630 640 P.
646 591 791 645 omuino,
1073 591 1104 649 31

226 738 464 805 villeretur,haec
479 755 590 797 summa
600 738 632 795 in
645 738 705 796 illia
722 755 797 804 ease,
810 737 837 793 ai
855 735 888 793 in
901 733 984 791 nobis
997 739 1096 798 essent

224 839 327 894 saltem
338 838 503 895 mediocria.
518 854 619 893 verum
633 836 675 893 ita
689 855 721 892 ae
735 854 781 893 res
795 836 894 902 habet,
910 838 943 891 ut
955 850 1019 907 ego,
1045 833 1096 907 qui

226 934 339 1009 ⁴neque
353 955 405 992 usu
419 937 499 1003 satis,
512 942 543 992 ct
556 934 676 1009 ingenio
695 952 795 1008 pamm
817 950 942 1007 possum,
963 932 1031 989 cum
1048 948 1097 1006 pa-

226 1040 310 1090 trono
323 1033 513 1091 disertissimo
526 1050 692 1107 comparer:
714 1034 748 1091 Ρ.
765 1031 911 1105 Quintius,
924 1030 973 1088 cui
993 1036 1095 1087 tenuea

227 1148 305 1203 opes,
333 1133 430 1189 nullae
457 1132 619 1198 facultates,
647 1132 773 1206 exiguae
800 1132 963 1189 amicorum
989 1128 1095 1203 copiae

226 1236 302 1297 aunt,
322 1249 389 1288 cum
409 1232 576 1288 adversario
589 1230 797 1305 gratiosissimo
811 1231 978 1288 contendat.
1020 1228 1097 1286 lllud

227 1348 339 1405 quoque
352 1330 436 1387 nobis
451 1331 567 1388 accedit
585 1321 810 1396 incommodum,
824 1330 900 1403 quod
915 1328 958 1384 M.
984 1329 1001 1384 J
1004 1328 1097 1393 unius,

227 1428 276 1504 qui
290 1429 366 1485 hanc
389 1446 515 1496 causam,
541 1428 663 1503 Aquilli,
682 1423 860 1503 ⁵aliquotiea'
879 1428 954 1500 apud
975 1432 1004 1483 te
1028 1425 1100 1499 egit,

226 1527 313 1583 homo
326 1533 357 1584 et
371 1528 402 1584 in
417 1527 481 1584 aliis
495 1527 591 1583 causis
605 1526 791 1593 exercitatus,
806 1528 881 1584 etin
895 1528 952 1583 hac
965 1528 1097 1593 multum,

225 1629 256 1682 et
269 1644 356 1700 saepe
371 1631 511 1693 versatus,
525 1627 580 1683 hoc
595 1631 725 1699 tempore
745 1628 836 1695 abest,
847 1642 927 1683 nova
949 1624 1096 1699 legatione
1175 1630 1177 1634 '

225 1723 395 1800 impeditus:
425 1731 456 1783 et
475 1726 572 1783 adme
586 1731 708 1783 ventum
722 1726 848 1802 estqui,
863 1730 895 1783 ut
915 1742 1027 1782 summa
1047 1725 1097 1781 ha·
1154 1780 1158 1787 .

225 1826 324 1884 beram
338 1832 445 1894 cetera,
464 1824 621 1898 ‘temporis
635 1824 752 1899 quidem
761 1830 841 1883 certe
853 1823 906 1881 vix
914 1823 984 1881 satis
998 1823 1096 1891 habui,

224 1929 258 1980 ut
270 1942 332 1982 rem
345 1929 465 1991 tantam,
479 1929 523 1980 tot
542 1923 750 1980 controversiis
769 1923 960 1996 implicatam,
981 1939 1096 1996 possem
1158 1953 1160 1956 ·

226 2040 412 2097 cognoscere.
455 2023 510 2088 lta,
524 2022 599 2096 quod
613 2020 686 2078 mihi
699 2022 855 2079 consuevit
867 2021 899 2078 in
913 2020 1020 2078 ceteris
1030 2038 1096 2078 cau·

225 2122 265 2179 sia
279 2139 343 2178 ease
364 2120 541 2194 adjumento,
559 2118 610 2176 'iu
628 2136 740 2193 quoque
764 2119 795 2177 in
816 2119 872 2175 hac
886 2136 975 2177 causa
986 2118 1095 2177 deficit.

226 2238 303 2289 nam,
317 2238 373 2296 quo
387 2220 481 2278 minus
494 2218 614 2294 ingenio
637 2236 763 2293 possum,
787 2218 916 2276 subsidio
939 2217 1012 2275 mihi
1032 2217 1096 2275 dili·

226 2320 354 2396 gentiam
368 2318 554 2394 comparavi:
575 2337 648 2393 quae
661 2323 769 2393 quanta
788 2317 836 2386 ait,
859 2315 917 2376 nisi
939 2323 1051 2392 tempus
1065 2320 1097 2374 et

227 2420 352 2494 spatium
365 2421 463 2476 datum
485 2419 532 2486 sit,
555 2418 682 2490 intelligi
705 2435 765 2473 non
788 2422 892 2497 poteqt.
935 2419 1018 2487 Quae
1039 2434 1097 2492 quo

227 2522 399 2594 plumeum,
413 2519 448 2574 0.
472 2516 594 2589 Aquilli,
607 2532 644 2571 eo
656 2520 697 2581 te,
717 2521 748 2570 et
761 2515 823 2580 hoa,
836 2515 886 2588 qui
900 2515 954 2571 tibi
976 2515 1009 2571 in
1028 2533 1096 2572 eon·

227 2617 295 2674 silio
321 2616 434 2681 adsunt,
465 2611 603 2669 lmeliori
629 2618 727 2670 mente
755 2617 854 2669 nostra
880 2613 971 2669 verba
997 2611 1096 2670 audire

256 2790 268 2822 ⁴
281 2803 350 2850 neque
358 2803 403 2836 aaa
417 2803 434 2835 a.
446 2793 466 2834 at
483 2787 543 2845 ingl
563 2787 588 2834 N
588 2802 601 2833 c
611 2801 676 2849 quem
686 2787 716 2834 im
732 2787 794 2834 edint
800 2787 857 2833 haec
865 2787 942 2848 paullo
951 2788 1028 2836 dunior
1036 2788 1096 2835 ratio

226 2863 295 2910 naqaaa
304 2875 332 2884 --
342 2854 374 2894 at:
389 2862 434 2894 non
449 2861 536 2916 semper
545 2846 626 2893 Cicero
641 2847 712 2893 etalii
757 2846 853 2892 tinitatia
861 2851 962 2916 auctores
972 2848 1099 2918 dicuntae·¹

226 2922 383 3074 ἒξῇῃῗῖἑῗξ
391 2907 452 3011 'lid
461 2906 887 3025 ‘tumultuanti
897 2906 1096 3012 &tillidi

243 3043 265 3138 ³⁵
277 3041 392 3163 nigelia
406 3039 467 3158 {Led
483 3102 574 3171 aegit]
601 3102 653 3149 Nee
661 3105 737 3149 tamen
746 3103 868 3163 peroravit,
879 3107 906 3150 ut
915 3103 998 3151 diserte
1008 3104 1062 3150 dicit
1072 3120 1091 3150 e.

228 3167 262 3212 lo.
274 3164 332 3209 male
341 3163 459 3208 Manutius
468 3161 498 3207 ad
508 3160 672 3220 amphationem
680 3163 780 3218 judicum
787 3163 861 3208 refert.

256 3243 268 3275 θ
283 3240 384 3298 ampuri«
391 3240 480 3299 quiam
489 3240 562 3308 certa]
585 3239 710 3287 stulterum
719 3256 738 3286 c.
752 3244 785 3288 15.
796 3241 906 3289 Graevius
913 3242 943 3289 ibi
954 3247 1009 3289 certa
1019 3244 1092 3288 delet:

227 3301 265 3346 laic
281 3315 337 3346 non:
353 3313 479 3360 quanquam
488 3297 518 3343 ibi
529 3303 596 3344 auam
615 3299 691 3345 durius
700 3304 741 3354 eat,
758 3315 823 3361 quam
841 3302 865 3348 h,
877 3303 892 3348 l.
924 3303 1001 3349 Potest
1019 3304 1094 3362 utiquc

228 3359 304 3405 abesae
323 3363 395 3414 certa5
409 3356 582 3461 moguffluam
600 3357 744 3426 desideraret,
764 3359 782 3404 si
801 3360 902 3407 abesset:
919 3362 958 3408 sed
976 3376 1011 3408 raa
1042 3363 1095 3406 ndat

229 3417 316 3463 Graeco
329 3436 369 3480 μιν
379 3419 410 3472 δη,
420 3431 450 3477 qu
543 3421 629 3477 tempus
646 3419 917 3475 amaccejuscertaeta
949 3420 980 3466 Et
996 3418 1094 3481 paribus

230 3481 284 3526 locis
292 3481 400 3542 reperitur
409 3482 440 3528 nic
448 3483 506 3543 apud
515 3487 621 3528 nostrum.

259 3559 313 3604 tia
327 3560 443 3618 moncia
451 3561 514 3620 lac]
544 3560 665 3608 Lambinus
682 3562 746 3609 addit
758 3579 799 3611 ma.
830 3565 889 3612 Mox
920 3581 947 3611 ro
961 3582 1002 3626 qno
1018 3566 1095 3612 cunita

227 3618 348 3734 legenduntn
357 3631 412 3674 esec,
419 3619 476 3678 quod
484 3621 561 3667 minua
569 3619 617 3675 2211.
628 3619 697 3667 etiam
707 3621 746 3668 alii
756 3638 873 3671 monuere:
889 3581 944 3671 apua
953 3628 1095 3679 αγωλοιιθις

227 3689 333 3737 oratioes
346 3722 358 3733 ..

256 3765 455 3835 amauriman]
472 3765 629 3827 proacquiori.
659 3736 765 3817 Catonum
781 3769 862 3819 bonam
881 3777 979 3818 mantem
997 3770 1027 3816 aie
1042 3769 1093 3821 diei,

229 3828 325 3876 nondum
334 3824 458 3873 observavi.

1115 3992 1184 4124 Ι
