2700 4675
221 517 283 578 110
364 507 488 592 oarrro
502 505 566 559 rra
580 505 648 559 snx.
665 505 975 566 maciomanum.

218 676 335 735 quorum
343 659 602 718 bonaveniernnt:
622 662 739 727 cavete,
753 678 808 735 per
820 662 896 720 deos
910 662 1090 731 immamus,

211 759 338 831 judices,
352 779 390 818 ne
398 778 477 818 nova
486 766 517 819 et
530 760 621 816 multo
633 759 778 817 crudelior
786 778 842 834 per
852 779 911 820 vos
927 764 1089 838 proscriptio

218 859 376 916 instaurata
389 876 452 915 esse
467 859 607 916 videatur.
661 858 748 914 illam
773 858 919 931 priorem,
934 862 1088 937 quaefacta

218 963 264 1016 est
277 958 308 1015 in
321 975 380 1024 eos,
394 958 442 1030 qui
452 973 532 1013 arma
544 973 649 1029 capere
662 960 828 1029 potnerunt,
854 962 964 1019 tamen
984 964 1091 1018 senatus

218 1054 363 1128 suscipere
381 1054 485 1121 noluit,
505 1054 623 1128 nequid
633 1054 740 1122 scrius,
751 1071 838 1130 quam
858 1074 948 1115 more
961 1059 1092 1133 majorum

217 1157 486 1228 comparaturum,
508 1152 625 1227 publico
644 1151 768 1223 consilio
790 1153 909 1213 lactum
931 1156 1089 1215 videretur:

218 1252 388 1321 narravero,
412 1270 485 1327 quae
506 1251 544 1309 ad
564 1269 663 1309 eorum
686 1250 792 1308 liberos
816 1256 912 1327 alque
941 1255 1087 1314 inlautiun

217 1371 369 1427 puerorum
382 1354 557 1411 incunabula
570 1352 707 1426 pertinet,
728 1350 785 1408 nisi
808 1352 1001 1427 hocjudicio
1020 1373 1089 1414 aro·

218 1450 262 1509 bis
277 1452 396 1525 rejicitis
411 1458 441 1509 et
454 1449 658 1526 aspernamini,
672 1449 784 1517 videte,
806 1467 862 1524 per
884 1453 960 1511 deos
985 1455 1089 1513 immor·

219 1552 302 1630 tales,
316 1567 401 1625 quem
415 1551 446 1608 in
470 1553 566 1608 locum
593 1550 802 1623 rempublicam
821 1559 1040 1624 perventuram
1051 1570 1091 1630 pu

219 1646 295 1704 tetis.

259 1745 401 1803 Homines
420 1744 576 1820 sapientes,
594 1751 624 1804 et
637 1747 695 1804 ista
709 1744 888 1805 auctoritate
906 1754 938 1808 et
951 1739 1090 1826 potestate

219 1846 373 1921 praeditos,
400 1863 456 1922 qua
474 1864 535 1903 vos.
555 1846 633 1914 estis,
660 1843 824 1920 exquibus
851 1848 945 1906 rebus
971 1850 1092 1910 maxime

220 1947 380 2021 respublica
394 1948 515 2014 laborat,
526 1945 561 2002 iis
575 1943 702 2001 maxime
716 1943 826 2001 mederi
839 1949 1005 2007 convenit.
1026 1950 1093 2007 Vos·

220 2050 295 2101 trum
314 2062 400 2101 nemo
420 2050 473 2112 est,
496 2043 566 2117 quin
590 2042 744 2117 intelligat,
762 2044 907 2115 populum
923 2045 1094 2115 Romanum,

220 2140 269 2214 qui
289 2142 432 2213 quondam
446 2141 477 2196 in
492 2142 588 2196 hostes
604 2141 768 2200 lenissimus
787 2139 1033 2217 existimabatur,
1045 2149 1093 2205 lroc

220 2242 348 2311 tempore
361 2236 520 2294 domestica
533 2237 704 2296 cmdelitate
715 2239 855 2295 laborare.
901 2242 997 2304 Hanc
1008 2244 1093 2305 tollite

221 2355 260 2395 ex
274 2335 405 2405 civitate,
423 2335 549 2411 judices,
568 2338 645 2395 hanc
661 2339 723 2412 pati
743 2338 835 2397 nolite
856 2340 976 2402 diutius
997 2347 1030 2405 in
1045 2347 1094 2407 hat

221 2437 370 2512 republica
383 2424 508 2496 versari:
523 2455 595 2512 quae
610 2456 669 2495 nou
683 2439 769 2495 modo
778 2437 810 2494 id
824 2438 965 2502 hahetin
980 2463 1014 2504 se
1024 2443 1095 2512 muli,

221 2539 297 2611 quod
318 2541 360 2594 tot
373 2536 455 2593 cives
477 2536 655 2595 atrocissime
669 2535 794 2604 sustulit,
815 2553 924 2598 verum
937 2543 1035 2603 etiam
1048 2546 1094 2615 ‚llo-

221 2633 346 2690 minibus
372 2635 528 2692 lenissimis
552 2634 661 2692 ademit
687 2634 921 2699 misericordiam
945 2648 1095 2703 comtu-

221 2731 290 2788 dine
311 2730 564 2790 incommodorum
606 2735 685 2790 Nam
698 2748 765 2789 cum
784 2734 928 2796 omnihus
946 2741 1031 2801 horis
1050 2742 1095 2803 ali·

222 2830 290 2906 quid
304 2829 439 2889 atrociter
457 2832 519 2890 fieri
534 2833 675 2900 videmus,
696 2835 745 2888 aut
756 2831 923 2893 uidimus:
946 2839 1096 2919 etiam-qni

222 2935 324 2988 natura
343 2931 487 2988 mitissimi
500 2950 606 2998 sumus,
626 2925 795 2987 assiduitate
814 2932 1029 3002 molestiarum
1041 2957 1096 3001 san-

224 3008 286 3115 sum
299 3043 414 3085 omnem
428 3029 614 3088 humanitatis
628 3047 666 3086 ex
680 3027 785 3084 animis
799 3030 981 3096 amittimus.

523 3181 591 3229 Nihil
605 3183 693 3230 autur
707 3180 783 3228 desua.
