2700 4675
474 606 854 660 uernanrammnnus.
1037 608 1100 670 m

234 771 330 830 agere,
345 760 431 832 atque
443 758 586 817 invidiam
599 774 796 826 commovere,
809 755 885 832 quod
905 770 1025 828 puerum
1043 768 1106 826 pro·

233 855 380 923 ducerem,
392 856 564 915 clamitavit.
605 858 683 931 Quid
698 862 770 924 erat,
785 853 932 920 Hortensi,
944 852 1062 909 tandem
1074 850 1107 907 in

233 951 288 1008 illo
299 972 388 1026 puero
397 954 550 1028 populare?
563 956 632 1030 qnid
642 951 841 1013 invidiosum?
860 949 1108 1018 (inaeniorum),

236 1056 286 1108 aut
301 1052 461 1119 Saturnini,
474 1058 524 1109 aut
537 1053 660 1128 nlienjus
675 1052 799 1109 hominis
812 1049 954 1122 ejusmodi
967 1048 1108 1122 produxe·

236 1166 298 1206 ram
309 1150 409 1217 lilium,
422 1156 453 1207 ut
464 1150 581 1207 nomine
600 1150 671 1223 ipso,
685 1156 716 1206 et
728 1147 868 1205 memoria
881 1147 979 1221 patris,
992 1144 1106 1202 animos

238 1246 390 1319 imperitae
414 1246 605 1306 multitudinis
629 1246 816 1304 ooneilarem.
859 1245 893 1302 P.
921 1243 1004 1301 Junii
1034 1246 1108 1309 erat,

234 1344 360 1402 hominis
373 1347 410 1402 de
420 1348 504 1419 plebe
516 1346 657 1413 Romans,
669 1346 760 1403 lilius:
784 1360 871 1420 quem
884 1348 967 1418 pater
982 1341 1108 1399 moriens

238 1445 299 1499 tum
313 1444 451 1501 tutoribus
465 1448 496 1501 et
509 1444 686 1519 propinquis,
694 1447 757 1501 tum
766 1443 889 1517 legibus,
897 1450 958 1499 tum
968 1438 1109 1515 aequitati

238 1542 464 1615 magistratuum,
485 1548 545 1600 tum
567 1542 690 1616 judiciis
714 1542 819 1599 vestris
845 1540 1108 1599 oommendnndum

238 1639 361 1713 putavit
415 1642 473 1698 Hie
495 1640 578 1698 istius
599 1643 741 1698 scelerata
764 1640 920 1707 locatione,
941 1638 1108 1711 nefarioque

238 1736 401 1805 latrocinio,
416 1737 498 1795 bonis
512 1738 612 1812 patriis
626 1738 802 1813 fortunisque
814 1738 950 1795 omnibus
959 1736 1108 1810 spoliatus,

240 1835 322 1892 venit
334 1835 365 1893 in
373 1836 528 1908 judicium:
549 1837 575 1893 si
589 1838 663 1894 nihil
677 1837 766 1904 aliud,
776 1838 890 1903 saltem,
898 1840 931 1892 ut
941 1851 1016 1902 eum,
1025 1835 1110 1908 eujus

240 1950 328 2007 opera
347 1935 411 2007 ipse
429 1932 450 1966 ⁸⁴
464 1936 569 1990 multos
588 1950 681 1990 annos
700 1940 746 1990 est
767 1933 799 1990 in
820 1933 962 1999 sordibus,
978 1931 1000 1963 ⁶
1013 1933 1111 2003 paullo

241 2035 340 2089 tamen
353 2032 511 2089 obsoletius
524 2032 665 2088 vestitum
680 2030 802 2088 videret.
845 2031 947 2103 ltaque
960 2028 1026 2094 tibi,
1040 2029 1113 2084 llor-

242 2132 329 2197 tensi,
342 2148 402 2188 non
422 2130 500 2187 illius
520 2135 611 2197 aetas,
630 2130 682 2185 aed
701 2146 805 2186 eausa:
825 2144 885 2185 non
906 2126 1039 2193 vestitus,
1060 2126 1112 2183 ned

241 2227 364 2295 fortuna,
378 2228 521 2301 popularis
537 2228 697 2284 videbatur.
718 2243 813 2301 neque
830 2232 860 2283 te
874 2230 933 2282 um
946 2240 1112 2282 eommove-

241 2326 300 2394 bst,
319 2326 394 2401 qnod
419 2326 470 2383 ille
493 2343 560 2383 eum
581 2330 650 2399 toga
673 2329 835 2399 praetenta,
847 2341 933 2399 quam
946 2325 1022 2398 quod
1047 2323 1111 2381 aine

241 2427 320 2482 bulla
329 2430 459 2483 venerat.
474 2424 597 2481 vestitus
610 2424 690 2481 enim
705 2424 853 2481 neminem
861 2425 1066 2480 commovebat
1076 2422 1112 2491 is,

242 2539 328 2599 quem
343 2523 388 2580 illi
402 2539 473 2590 mos,
486 2528 518 2579 et
540 2522 590 2595 jus
608 2522 798 2596 ingenuitatis
818 2523 915 2578 dabat.
937 2522 1014 2595 quod
1030 2538 1113 2578 orna·

242 2627 373 2678 mentum
382 2621 521 2694 pueritiae
529 2626 611 2695 paler
620 2620 893 2688 dederat,indieium
903 2625 989 2696 atque
997 2620 1113 2695 insigne

245 2718 385 2787 lamnae,
399 2719 456 2776 hoe
475 2720 512 2776 ab
527 2718 585 2775 isto
597 2719 742 2793 praedone
755 2725 885 2791 ereptum
899 2737 973 2788 esse,
985 2719 1115 2795 graviter

245 2821 277 2873 et
290 2820 394 2875 soerbe
408 2816 539 2874 homines
552 2817 690 2875 terebant.
732 2818 837 2890 Neque
855 2822 938 2874 erant
951 2819 1006 2874 hae
1020 2821 1114 2892 laery-

244 2931 309 2973 mae
329 2918 480 2989 populares
504 2915 604 2989 magis,
627 2933 713 2991 quam
728 2921 852 2982 nostroe,
866 2932 951 2989 quam
973 2921 1050 2982 tuae,
1075 2917 1113 2987 Q.

246 3013 395 3081 Hortensi,
415 3031 500 3088 quam
522 3015 632 3081 horum,
650 3014 700 3088 qui
720 3014 897 3071 sententiam
920 3012 1006 3097 laturi
1029 3018 1114 3072 aunt:

245 3111 323 3180 ideo,
336 3113 412 3187 quod
430 3111 591 3170 eommunis
605 3117 651 3170 est
660 3129 757 3180 eausa,
770 3129 922 3170 eommune
936 3113 1113 3186 perieulum:

247 3498 450 3559 manupae.

277 3581 538 3643 “nullstsmessotal
569 3580 677 3628 Sielibri.
709 3581 792 3628 Sedis
810 3595 839 3628 eo
856 3584 904 3629 lere
922 3581 1000 3629 offensi
1015 3582 1118 3628 aantriri

246 3639 315 3696 dotti,
325 3638 366 3685 alii
375 3639 442 3686 aliter
450 3640 592 3699 oomigentes.
624 3640 683 3687 Nem
721 3640 778 3687 illud
783 3642 860 3697 posto
869 3639 992 3700 languidius
1001 3644 1043 3696 eat,
1053 3654 1119 3701 quam

262 3711 322 3750 rore
337 3701 397 3744 eteu
413 3698 493 3745 iditate
502 3699 572 3759 pueri.
616 3699 622 3711 ‘
722 3699 816 3754 hodon,
827 3700 885 3760 quod
900 3697 1010 3745 nonnullis
1028 3697 1119 3759 placuit,

245 3713 333 3814 ianuas
414 3756 618 3818 tarerlpammee
634 3754 1061 3814 ortimestneemeliusestnliqunpto.
1076 3757 1121 3805 Co-

246 3815 723 3876 paumormaimltenman
768 3812 1004 3882 utipseessetistius
1017 3815 1121 3879 improli·

245 3872 443 3926 numerarim
474 3830 759 3923 Edu-&adtoniti
