2700 4675
440 508 509 559 lor.
526 507 861 559 burnunculum.
1024 512 1089 572 329

220 649 290 729 ipsis
305 657 387 713 rebus
399 662 429 714 et
442 660 617 733 temporibus
627 655 705 717 luit?
727 659 812 715 Side
826 655 930 713 litteris
944 654 1088 727 corruptis

219 760 322 814 contro
336 747 439 814 venit?
459 758 485 814 si
498 763 598 815 contra
610 757 690 814 omni
698 756 809 813 ratione
818 754 959 828 pugnavit
969 750 982 811 l
994 758 1089 811 utrum

221 852 316 925 potius
330 871 381 927 pro
396 855 519 912 Sthenio
535 855 687 912 inimicum
700 854 880 927 cognitorem
893 870 957 909 esse
970 852 1090 918 lectum,

222 967 260 1006 an
276 958 304 1007 te
318 952 348 1007 in
365 953 481 1010 Sthenii
494 953 623 1026 periculo
636 952 748 1009 inimici
763 952 824 1025 ejus
838 952 955 1008 nomine
969 952 1091 1007 abusum

222 1066 285 1104 esse
300 1048 472 1107 credemus?
494 1051 550 1119 Ac,
564 1069 601 1107 ne
622 1052 686 1125 quis
700 1051 772 1107 torte
793 1051 915 1118 dubitet,
928 1048 1090 1122 cujusmodi
1101 1065 1143 1127 44

222 1150 314 1203 totum
325 1148 363 1203 sit
377 1149 538 1223 negotium3
561 1150 676 1205 tametsi
683 1150 855 1223 jamdudum
865 1149 998 1205 omnibus
1008 1148 1091 1205 istius

223 1243 436 1317 improbitatem
451 1249 635 1321 perspicuam
647 1266 711 1304 esse
725 1248 849 1314 conlido,
871 1256 968 1303 tamen
983 1248 1092 1319 paullu-

221 1345 282 1422 lum
303 1344 391 1402 etiam
405 1347 556 1403 attendite.
597 1346 717 1401 Videtis
744 1346 826 1401 illum
840 1345 989 1416 subcrispo
1002 1343 1091 1416 copil-

221 1443 261 1507 lo,
270 1442 391 1515 nigrum,
401 1444 450 1516 qui
463 1462 499 1500 eo
513 1446 595 1500 vultu
609 1460 662 1499 nos
671 1442 807 1510 intuetur,
820 1429 852 1498 ut
865 1441 921 1497 sibi
935 1441 997 1515 ipse
1012 1459 1091 1515 perc·

221 1544 306 1598 cutus
320 1558 384 1596 esse
399 1538 551 1598 videatur?
570 1541 619 1614 qni
644 1542 756 1598 tabulas
781 1537 882 1598 tenet?
901 1540 950 1615 qui
964 1537 1091 1598 scribit?

222 1638 272 1713 qui
285 1635 406 1696 monet?
438 1639 487 1713 qui
501 1640 648 1712 proximus
671 1637 739 1698 est?
771 1640 797 1696 is
817 1647 862 1696 est
886 1640 922 1698 G.
943 1639 1091 1708 Claudius,

222 1735 315 1809 quiin
331 1737 433 1794 Sicilia
451 1745 597 1812 sequester
610 1739 703 1805 istius,
714 1739 865 1811 interpres,
878 1740 1028 1796 confector
1041 1757 1090 1796 ne·

223 1834 373 1907 gotiorum,
400 1852 488 1907 prope
513 1837 627 1908 collega
652 1837 837 1891 Timarchidi
871 1838 1089 1893 numerabatur:

203 1915 206 1920 Ι
225 1949 305 1989 nunc
316 1932 429 1988 obtinet
443 1949 510 1987 cum
525 1935 629 1998 locum,
643 1936 675 1989 ut
685 1932 739 1987 vix
754 1932 885 2004 Apronio
909 1932 953 1988 illi
966 1934 1002 1988 de
1012 1933 1093 1989 lami·

224 2028 349 2085 lieritate
363 2030 524 2085 concedere
549 2030 691 2096 videatur,
705 2029 795 2102 etqui
809 2048 840 2085 se
855 2047 913 2086 non
929 2030 1092 2086 Timarchi·
1164 2023 1166 2028 ’
1190 2040 1192 2044 “

224 2126 279 2193 dis,
293 2128 344 2182 sed
358 2125 446 2199 ipsius
462 2126 562 2183 Verris
572 2129 715 2201 collegam
729 2132 758 2183 et
767 2127 878 2184 socium
887 2145 950 2184 esse
963 2128 1090 2185 dicebat

224 2222 395 2281 ”Dubitate
409 2225 506 2293 etism,
526 2227 551 2283 si
572 2227 701 2299 potestis,
723 2226 792 2301 quin
814 2246 880 2285 enm
903 2228 958 2285 iste
979 2228 1091 2301 potissi·

224 2342 303 2382 mum
316 2343 354 2381 ex
369 2325 450 2381 omni
462 2344 581 2383 numero
594 2326 744 2398 delegerit,
763 2324 784 2357 ²⁹
794 2326 842 2382 cui
856 2326 932 2384 hanc
945 2326 1011 2383 lalsi
1024 2345 1090 2401 cog·

222 2423 324 2480 nitoris
350 2423 508 2494 improbem
522 2439 674 2493 personam
690 2423 859 2493 imponeret,
872 2440 957 2497 quem
970 2430 1000 2480 et
1022 2425 1090 2483 huic
1141 2447 1144 2453 ·

224 2519 465 2584 inimicissimum,
480 2523 510 2574 et
524 2519 579 2575 sibi
593 2518 719 2575 amicum
732 2536 796 2574 esse
810 2519 1001 2576 arbitraretur.
1031 2521 1090 2579 Hic

224 2635 279 2674 vos
311 2615 519 2683 &dubitabitis
540 2616 666 2688 judices,
690 2621 800 2672 tantam
824 2617 906 2674 istius
929 2619 1090 2689 audaciam,

222 2720 335 2773 tantam
348 2713 557 2781 cmdetitotem
572 2719 684 2771 tantem
698 2713 835 2786 injuriam
850 2716 1022 2776 vindicare?
1040 2720 1090 2777 du·

253 2889 276 2922 ²⁸
290 2888 398 2936 Dubitcte
408 2887 506 2945 etiamsi
512 2887 567 2948 pot]
599 2886 643 2942 Sic,
654 2885 762 2933 Gruterus
771 2887 810 2943 sit,
821 2892 885 2935 vetus
894 2887 970 2934 editio.
1002 2889 1044 2936 Est
1054 2890 1088 2937 ed.

225 2949 249 2996 ll
264 2948 311 2996 sive
320 2948 357 2994 ΒΓ.
389 2947 434 2994 Sed
444 2961 459 2992 o
488 2962 526 2992 rae
535 2945 629 3007 pretium
640 2951 681 3002 est,
692 2960 753 2992 exem
770 2946 794 2991 lo
803 2947 866 3003 hujus
883 2947 926 2992 loci
940 2948 1024 3004 videre,
1035 2950 1091 2997 levis

223 3021 286 3113 {4¹¹3
295 3007 412 3068 quomodo,
422 3005 445 3051 in
473 3021 499 3051 oc
508 3020 595 3109 g‘fmtre'
606 2961 890 3110 ἰηρξῒποέἵὸὲἳὲυωέἦζίποε
899 3007 1032 3113 ᾀοοὶοῶὲυ
1044 3009 1088 3057 Ed.

286 3078 407 3111 ,erroneo
435 3078 509 3110 rsmm
532 3078 605 3109 acuru
667 3083 672 3109 ε
766 3079 790 3108 re
890 3080 909 3110 n
1016 3082 1091 3114 :ecce

224 3123 349 3179 Ascensius,
375 3123 397 3169 ui
408 3079 474 3169 iguo]
486 3125 526 3169 hoc
536 3123 648 3183 exemplar
658 3122 759 3178 haberes,
769 3124 818 3169 vult
828 3080 1027 3182 suffigerffiocum
1037 3128 1091 3173 lacit

223 3181 254 3227 sic
264 3197 305 3242 pro
313 3183 339 3227 si.
407 3181 479 3226 stituit
488 3195 566 3227 verum
580 3188 604 3226 et
622 3186 687 3227 vetus
705 3181 783 3227 Aldus.
814 3181 927 3229 Victorius
941 3186 1089 3232 antemium

222 3240 326 3286 vitiosam
334 3239 432 3298 corrigit,
449 3240 551 3287 dubitare
560 3241 682 3286 dicineum
690 3256 701 3296 ,·
715 3246 740 3285 et
757 3241 812 3286 hace
828 3241 887 3287 lacta
901 3248 936 3288 est
952 3246 1043 3302 vulgata
1058 3259 1091 3290 se-

239 3303 305 3345 uente
315 3298 389 3345 stetim
399 3297 423 3343 P.
434 3297 548 3352 Memmio,
559 3298 615 3343 item
625 3299 747 3344 Lambino:
762 3300 784 3345 d.
797 3300 864 3345 etiam
872 3316 933 3347 nuuc
939 3317 963 3358 p.
994 3307 1027 3348 At
1035 3301 1088 3347 Ald.

224 3313 255 3403 al.
267 3362 330 3402 vetus
342 3356 446 3412 restituit,
454 3362 478 3400 et
487 3360 538 3415 post
546 3355 655 3402 (imterus

180 3448 183 3453 ·
253 3436 277 3467 ²⁹
290 3437 328 3481 mi
336 3436 419 3492 lnocfi
430 3449 447 3480 e.
456 3435 473 3480 i.
483 3435 516 3496 p}
550 3433 680 3482 Addidimus
689 3433 746 3480 bunc
756 3449 769 3480 e
779 3436 826 3484 Ms.
837 3441 915 3483 vetere
925 3451 974 3481 cum
983 3434 1088 3481 Graevio.

252 3515 274 3546 ³⁰
289 3514 435 3574 dubitabitis]
467 3513 503 3560 Sic
511 3512 620 3560 Graevius
629 3511 743 3558 biseMs.
755 3514 845 3560 Nannii.
877 3514 936 3564 Quia
945 3513 975 3558 sic
984 3517 1018 3557 est
1035 3511 1090 3558 etin

223 3574 265 3618 dne
283 3571 369 3632 capitis,
379 3571 460 3617 imitati
481 3586 553 3617 sumus
566 3569 703 3615 Graevium:
719 3586 771 3617 uem
786 3579 810 3618 et
828 3586 930 3634 praeseus
949 3574 1032 3615 rectum
1047 3575 1088 3616 est.
1107 3598 1116 3613 ,

223 3630 305 3701 virgil.
315 3631 347 3676 m
355 3631 482 3676 dubitamus
490 3628 636 3686 adlicefactis
645 3630 857 3687 cetsudmscmum.
883 3631 938 3675 ltem
949 3633 1023 3672 noster
1028 3627 1089 3674 alibi.

222 3690 261 3736 sic
271 3691 327 3735 rutro
336 3705 355 3734 c.
367 3692 421 3736 257:
438 3692 543 3745 exspem
553 3687 624 3742 etium,
633 3686 688 3747 quid
702 3687 727 3732 lsi
737 3687 855 3746 judicent?
875 3686 911 3734 ubi
921 3689 1009 3744 poterat
1025 3690 1049 3730 et
1057 3685 1088 3732 di

221 3762 289 3795 cere:
306 3745 494 3805 aspostolicae

262 3845 333 3889 voc.
355 3846 397 3886 ιν.
633 3828 673 3882 30
686 3824 704 3861 '¹‘
