2700 4675
496 601 569 656 ΔΟΤ.
587 601 616 651 ll.
633 603 730 653 LIBER
744 601 874 652 inlutus.
1059 601 1123 662 210

253 766 308 823 que
322 747 448 821 digessi:
469 752 567 823 petris,
581 753 674 826 quoad
695 751 794 807 vixit:
815 754 888 813 tuos,
912 744 1006 819 quoad
1031 742 1124 799 siste

257 847 427 904 confecisse.
470 849 548 905 Nam
561 851 594 906 in
609 851 674 917 isto,
691 847 818 921 judiees,
831 847 887 902 hoo
902 861 1010 901 novum
1023 841 1126 915 reperi·

258 944 322 1001 etis.
345 947 499 1015 Audimus,
512 947 638 1021 aliquem
652 948 765 1003 tabulas
779 961 932 1018 numquam
946 940 1125 999 confecisse:

257 1060 330 1117 quae
345 1048 389 1100 est
403 1044 503 1118 opinio
517 1045 664 1102 hominum
679 1046 716 1102 de
729 1043 860 1102 Antonio
874 1044 955 1099 salsa.
975 1057 1043 1097 nem
1057 1038 1128 1095 feeit

259 1141 489 1215 diligentissime.
510 1162 610 1201 verum
630 1144 734 1200 sithoc
756 1160 847 1217 genus
871 1140 986 1216 aliquod
1007 1137 1128 1195 minime

259 1240 445 1311 probandum.
487 1241 637 1311 Audimus,
651 1242 741 1299 elium
765 1258 823 1297 nou
838 1242 875 1297 sb
906 1238 992 1296 initio
1012 1236 1127 1303 secisse,

260 1338 310 1393 sed
324 1355 362 1394 ex
376 1343 503 1414 tempore
516 1341 613 1415 aliquo
635 1336 820 1398 confecisse?
850 1342 895 1394 est
917 1336 1013 1409 aliqua
1039 1335 1129 1391 etiam

257 1434 376 1509 hujusne
387 1438 429 1494 rei
443 1439 526 1495 ustio.
568 1439 634 1495 lloo
649 1455 721 1494 vero
734 1452 844 1495 novum
857 1440 888 1491 et
907 1434 1060 1490 ridiculum
1074 1436 1128 1502 est,

258 1536 332 1608 quod
346 1535 394 1591 hio
410 1535 493 1592 nobis
506 1535 665 1608 respondit,
680 1552 746 1592 eum
766 1537 803 1591 ub
825 1551 861 1590 eo
874 1534 985 1590 tabulas
1007 1533 1130 1604 postula·

255 1647 372 1688 remus:
402 1631 521 1708 ⁵3usque
549 1636 587 1690 ed
615 1634 658 1691 M.
685 1634 859 1691 Terentium
883 1636 914 1689 et
935 1632 971 1689 0.
996 1630 1130 1690 Gessium

264 1732 395 1788 consules
420 1733 598 1804 confecisse3
632 1739 733 1807 postea
755 1732 910 1790 destitisse.
960 1730 1031 1788 Alio
1055 1733 1130 1795 loeo,

247 1825 315 1883 'hoo
339 1829 499 1902 eujusmodi
528 1832 575 1898 sit,
607 1832 861 1889 considerabimus.
886 1847 964 1888 nune
991 1830 1066 1886 nihil
1094 1830 1131 1885 ad

256 1941 304 1981 me
331 1927 446 1984 attinet.
471 1929 573 1984 horum
601 1929 680 1985 enim
704 1934 874 2001 temporum,
892 1929 923 1984 in
937 1927 1039 2000 quibus
1053 1944 1130 1984 nuno

258 2039 366 2089 versor,
404 2026 499 2081 haheo
526 2026 647 2093 tabulas,
675 2030 797 2093 otinas,
825 2029 855 2082 et
886 2026 984 2098 putris.
1040 2025 1130 2082 Pluri-

261 2136 309 2178 ma
323 2122 405 2195 signu
429 2123 629 2196 pulcherrima,
642 2125 779 2198 plurimas
803 2125 915 2181 tabulas
939 2123 1062 2197 optimas
1085 2126 1133 2182 de-

247 2226 390 2293 -portssse
404 2226 442 2288 te,
457 2239 562 2295 negare
583 2240 642 2280 non
666 2228 767 2296 potes:
788 2228 874 2299 atque
892 2222 1003 2281 utinam
1025 2228 1130 2298 neges!

259 2319 359 2380 Unum
372 2322 493 2379 ostende
515 2321 547 2379 in
566 2322 671 2380 tubulis
685 2328 734 2380 sut
748 2324 814 2392 tuis,
829 2329 879 2382 aut
892 2324 981 2398 patris
996 2324 1038 2381 tui
1053 2343 1130 2397 emp·

263 2422 323 2477 tum
333 2436 414 2476 esse:
436 2420 545 2477 vicisti.
567 2438 605 2476 ne
620 2420 693 2477 haee
704 2421 820 2495 quidem
833 2424 891 2480 duo
904 2425 989 2495 signs
1001 2424 1132 2494 pulcher·

257 2518 338 2585 rima,
345 2526 506 2593 quee'nuno
517 2519 555 2575 ud
565 2518 737 2590 impluvium
746 2523 826 2576 tuum
836 2524 924 2587 stant,
934 2522 1125 2593 quse'multos

262 2633 354 2673 snnos
379 2617 416 2672 ud
439 2618 543 2672 vulvas
566 2615 692 2675 lunonis
720 2616 837 2673 Samiae
869 2621 1020 2684 steterunt,
1041 2616 1132 2674 hebes

261 2716 406 2789 quomodo
419 2712 541 2783 emeris3
562 2714 645 2782 liaeo,
659 2713 787 2790 inquam,
800 2716 867 2784 duo,
881 2714 1000 2790 quaein
1014 2715 1132 2773 sedibus

261 2811 319 2870 tuis
333 2814 395 2869 sols
407 2813 471 2887 Jum
485 2816 561 2881 sunt,
575 2829 648 2888 quae
662 2819 805 2870 seotorem
829 2817 1012 2887 exspectent,
1031 2815 1133 2872 reliots
1143 2821 1187 2883 24

251 2927 298 2968 ee
306 2910 586 2970 destitutaseeteris
596 2910 695 2986 signis.
718 2913 770 2980 At,
779 2912 876 2980 oredo,
886 2912 917 2969 in
926 2912 1007 2969 hisee
1015 2913 1134 2971 solisne·

259 3010 313 3067 bus
322 3010 478 3069 indomitas
489 3011 663 3086 cupiditates
675 3016 761 3086 etque
771 3011 927 3070 effrenatus
936 3011 1074 3069 habehat:
1088 3029 1134 3070 oe·

262 3112 341 3166 terne
349 3108 485 3167 libidines
494 3109 554 3182 ejus
562 3107 675 3166 ratione
684 3110 781 3184 aliqua
789 3115 839 3167 aut
849 3110 935 3168 modo
945 3109 1133 3170 contineban-

262 3211 318 3262 tus.
341 3207 435 3278 Quam
444 3208 541 3264 multis
550 3208 636 3265 istum
646 3209 882 3283 ingenuis,quam
890 3209 987 3266 multis
996 3209 1132 3268 matribus

261 3300 395 3368 familias,
408 3301 439 3359 in
452 3303 505 3359 ills
517 3309 592 3363 tetro
604 3310 691 3381 atque
713 3307 824 3380 impura
846 3308 1002 3381 legatione,
1016 3308 1077 3366 vim
1091 3312 1132 3365 ut·

264 3397 365 3456 tulisse
389 3398 586 3459 existimatis?
604 3420 697 3477 eoquo
719 3405 751 3462 ln
774 3404 880 3479 oppido
901 3408 1005 3479 pedem
1026 3406 1132 3480 posuis

264 3551 744 3680 lit-summissum
767 3554 1094 3673 nmffinfflffi
1108 3560 1134 3601 *²

264 3675 458 3729 signarepsresst.

295 3747 318 3779 ⁵³
332 3761 399 3806 usquo
408 3747 438 3793 ud
446 3746 481 3794 ll.
492 3747 557 3810 Ten]
572 3748 588 3796 i.
604 3764 626 3797 e.
635 3750 666 3796 sd
674 3763 818 3809 mmmmm,
828 3753 903 3814 quoin
912 3749 1048 3812 movincism
1064 3746 1136 3796 stult.

262 3805 466 3919 affigimus.
497 3807 833 3863 manutenementum.
864 3812 948 3858 Verres
962 3812 1054 3871 praetor
1070 3808 1134 3857 urbs·
