2700 4675
431 598 503 648 scr.
520 598 553 647 u,
566 598 853 649 nmasaeuunus.
1011 605 1074 668 355

210 745 264 812 eis,
278 745 398 803 monstri
411 746 516 803 simite.
531 764 588 803 nou
602 748 750 804 crederem
769 748 824 803 hoe
837 747 874 803 de
887 744 999 812 statuis,
1020 747 1078 804 nii

204 844 341 918 jacentes
364 847 547 918 revulsasque
567 846 723 902 vidissem:
745 852 893 918 propterea
909 846 985 919 quod
1002 846 1078 918 apud

211 960 313 1000 omnes
334 944 463 1000 Graecos
478 943 526 999 hio
547 960 608 1001 mos
633 951 687 1010 est,
710 950 740 999 ut
758 946 896 1001 honorem
915 943 1078 1001 hominibus

209 1040 341 1099 habitum
368 1042 399 1098 in
427 1042 621 1099 monumentis
650 1042 822 1116 hujusmodi,
849 1044 989 1099 nonnulla
1015 1042 1079 1100 reii—

211 1140 298 1213 gione
324 1141 443 1196 deornm
465 1141 628 1198 consecrari
654 1141 834 1198 urnitrennu.
885 1143 987 1214 ltaque
1011 1158 1080 1199 cum

212 1237 322 1295 Rhodii
338 1241 443 1295 betium
458 1240 528 1296 iitud
550 1258 637 1312 prope
651 1240 705 1297 soii
728 1240 856 1312 superius
875 1259 942 1296 curn
965 1239 1079 1295 Mithri·

213 1336 281 1392 date
295 1354 362 1409 rege
376 1339 525 1410 gesserint,
539 1357 695 1412 omnesque
710 1339 771 1409 ejus
784 1338 883 1409 copias
897 1338 1079 1394 acerrimum·

211 1452 268 1507 que
288 1434 427 1506 impetum
454 1438 611 1502 moenium,
640 1436 778 1501 litoribus,
800 1437 994 1508 classibusque
1019 1435 1079 1491 suis

212 1529 391 1600 exceperint,
424 1548 490 1586 oum
517 1537 547 1586 et
575 1530 649 1603 regis
683 1530 795 1586 inimici
825 1536 938 1602 praeter
967 1537 1080 1587 ceteros

213 1632 329 1682 essent:
343 1633 466 1684 statuum
480 1628 550 1700 ejus,
560 1646 634 1701 quae
648 1635 710 1685 erat
724 1630 798 1702 apud
813 1628 889 1699 ipsos
909 1628 939 1685 in
953 1631 1080 1686 celeber

214 1724 287 1781 rimo
301 1726 377 1782 uritis
389 1728 462 1792 iooo,
477 1744 513 1783 ue
529 1734 588 1784 tum
599 1727 714 1800 quidem
728 1725 759 1783 in
773 1728 842 1800 ipsis
855 1730 931 1784 urbis
947 1728 1080 1799 periculis

214 1823 381 1895 attigerunt.
423 1826 556 1881 Forsitan
577 1825 628 1881 via
648 1827 809 1882 convenire
825 1827 979 1889 videretur,
995 1841 1081 1898 quem

215 1919 309 1993 ipsum
324 1921 469 1977 hominem
480 1928 618 1992 cuperent
631 1929 773 1987 evertere,
787 1922 847 1991 ejus
860 1922 983 1993 effigiem
995 1921 1080 1978 simu·

215 2020 382 2092 laurumque
406 2036 539 2075 servare:
565 2020 616 2074 sed
640 2025 736 2075 tamen
762 2019 907 2084 videbam,
928 2018 1003 2089 atiud
1030 2032 1081 2073 eos

216 2133 283 2173 oum
297 2134 399 2184 essem,
413 2122 443 2173 et
457 2117 626 2191 religionem
643 2135 707 2172 esse
726 2117 869 2190 quandam
883 2116 913 2171 in
929 2115 974 2170 his
989 2116 1081 2181 rebus,

214 2231 234 2271 a
247 2216 401 2287 majoribus
415 2216 557 2282 traditam,
572 2221 601 2272 et
618 2217 671 2272 hoo
687 2217 847 2287 ‹tisrrutarez
863 2232 927 2270 oum
942 2219 1035 2270 statua
1049 2230 1081 2269 se

216 2312 278 2385 ejus
307 2314 440 2372 habuisse
465 2314 603 2387 temporis
626 2315 776 2380 rationem,
798 2332 854 2388 quo
874 2314 965 2386 posita
989 2316 1081 2381 essetr

215 2429 283 2469 oum
304 2414 420 2469 homine
441 2430 521 2477 uero,
542 2429 598 2484 qun
619 2418 730 2483 gereret
755 2413 862 2467 tretium
885 2418 970 2482 atque
992 2411 1081 2467 host'm

216 2514 303 2566 esset.
344 2508 462 2563 Videtis
481 2506 577 2580 igitur,
595 2507 835 2564 consuetudinem
858 2506 1081 2579 religionemque
1091 2495 1134 2553 66
1150 2535 1156 2542 ·

217 2606 405 2669 Graeeorum,
427 2622 500 2677 quae
523 2610 707 2660 monumenta
727 2605 852 2661 hostium
873 2605 905 2660 in
919 2606 996 2660 betto
1019 2605 1083 2676 ipso

218 2705 313 2760 soient
327 2701 490 2767 defendere,
501 2718 566 2756 eam
579 2718 689 2757 summa
704 2703 734 2758 in
748 2719 820 2774 pace
834 2701 971 2773 praetoris
986 2702 1083 2774 populi

218 2801 345 2861 Romani
359 2799 460 2856 statuis
475 2799 617 2870 praesidio
632 2818 689 2856 non
703 2800 799 2856 tuisse.
840 2783 1087 2867 Taurominitani,
1115 2832 1125 2841 v·

219 2917 337 2975 qrrorum
351 2903 395 2954 est
408 2897 514 2955 civitas
524 2898 679 2963 foederata,
694 2897 824 2953 homines
842 2895 1021 2968 quietissimi,
1034 2897 1084 2969 qui

218 2998 374 3056 ⁷⁵manime
393 2995 557 3068 aninjuriis
578 3001 733 3051 nostrorum
757 2993 970 3066 magistratuum
995 3012 1085 3052 remo

221 3097 325 3155 tissimi
344 3101 516 3154 consuerant
531 3112 603 3160 esse,
623 3092 763 3165 praesidio
782 3091 919 3160 foederis;
941 3092 972 3149 hi
987 3099 1085 3152 tamen

221 3196 303 3252 istius
318 3201 448 3253 evertere
462 3199 586 3251 statuam
606 3208 663 3248 non
677 3190 889 3248 dubitaverunt.
910 3209 966 3265 qua
979 3195 1087 3262 abiate,

221 3294 305 3350 basin
319 3300 417 3350 tumen
437 3292 467 3348 in
482 3292 543 3348 soro
557 3307 672 3347 manere
694 3291 859 3346 votuerunt:
880 3292 955 3365 quod
968 3294 1085 3364 gravius

222 3391 255 3448 in
268 3392 353 3448 istum
376 3391 434 3447 iore
457 3391 605 3462 putabant,
627 3388 651 3443 si
674 3388 783 3444 seirent
807 3388 947 3450 homines,
961 3394 1085 3446 statuam

221 3490 283 3564 ejus
304 3507 321 3546 a
338 3487 586 3546 Taurominitanis
600 3505 663 3543 esse
676 3487 829 3559 dejectam,
842 3486 963 3562 quamsi
977 3487 1085 3544 nullam

252 3639 275 3674 '¹⁵
289 3640 384 3686 manime
397 3640 590 3701 --remotissimid
622 3639 659 3686 stc
671 3638 733 3684 edidi
748 3654 796 3686 cum
810 3639 908 3686 Graevio
923 3639 1056 3698 prorutus,
1071 3654 1088 3686 e

223 3699 282 3746 Mes.
308 3700 373 3745 Sicet
389 3701 438 3746 edd.
452 3708 544 3745 veteres.
555 3700 632 3745 remoti
647 3699 717 3744 elida.
726 3699 808 3744 Nannii
816 3699 921 3743 induxere
932 3697 1051 3743 Lambinus
1061 3702 1086 3744 et

223 3758 338 3811 Gruterus,
349 3758 424 3804 offensi
433 3761 503 3804 torma
513 3759 559 3811 ilia,
570 3758 630 3814 cujus
639 3772 702 3803 entem
719 3757 741 3802 la
752 3757 796 3805 alia
806 3761 855 3802 aunt
864 3771 900 3815 ap.
912 3755 1040 3803 Cioeronem
1052 3756 1087 3817 ip·

224 3831 271 3863 sum
280 3822 304 3861 et
313 3816 375 3862 alios.
386 3831 405 3860 v.
417 3817 511 3862 Clavem
521 3817 543 3862 in
553 3817 652 3865 monime.
707 3822 726 3860 st
736 3821 809 3861 autem
819 3829 847 3860 ex
855 3813 1086 3868 imitatittneiimro

223 3889 279 3922 rum.
304 3872 480 3934 „Simileedllh
488 3877 524 3924 27.
535 3875 638 3943 mnrium
647 3874 827 3936 improbissimus
