2700 4675
289 521 354 582 sos
624 506 817 562 mmm

289 663 366 722 bone
379 677 468 729 essm,
481 674 602 735 musque
614 657 800 734 provinciam
812 654 970 714 obtineres.
1015 652 1094 720 Erat
1107 662 1167 717 tum

289 760 433 820 slissansio
446 759 573 830 civium
593 760 630 818 de
640 775 696 835 qua
705 756 779 820 nihil
793 774 856 814 sum
869 754 1012 821 dicturus,
1020 754 1093 830 quid
1103 774 1166 814 sen·

288 859 344 918 tire
353 858 505 918 debueris:
525 874 615 916 unum
629 858 685 916 troc
696 855 812 924 dicuin
826 852 967 929 ejusmodi
981 857 1116 928 tempore
1130 871 1164 913 ac

287 962 365 1018 sorte
378 963 505 1015 statuere
520 961 550 1013 te
563 955 707 1023 debuisse,
718 961 812 1012 utrum
831 954 932 1010 malles
951 952 1064 1014 sentire
1077 959 1162 1028 atquc

287 1055 451 1116 defendere.
492 1055 589 1112 Carbo
612 1053 742 1127 graviter
763 1053 883 1120 terebat,
898 1049 956 1108 sibi
979 1055 1162 1124 quaestorem

287 1152 433 1226 obtigisse,
450 1152 598 1210 hominem
622 1150 761 1224 singulari
788 1149 903 1207 luxuria
929 1153 1019 1224 atque
1047 1149 1160 1208 inertia

287 1258 489 1310 verumtamen
510 1252 631 1308 ornabat
650 1266 717 1306 eum
730 1246 751 1278 ²⁸
762 1247 912 1305 beneficiis
927 1248 1071 1308 omnibus.
1112 1248 1160 1306 Ne

287 1350 395 1410 diutius
406 1357 538 1409 teneam:
559 1346 684 1423 pecunia
697 1340 842 1413 attributa,
859 1352 1012 1404 numerata
1024 1351 1074 1404 est.
1095 1362 1156 1418 pro·

288 1450 382 1508 iectus
406 1455 451 1507 est
474 1454 607 1525 quaestor
624 1446 655 1504 in
669 1444 861 1519 provinciam.
883 1444 1016 1503 venitin
1031 1442 1158 1504 Galliam

287 1552 476 1619 exspectatus
497 1549 534 1604 ad
558 1546 719 1612 exercitum
740 1546 923 1603 consularem
944 1561 1014 1602 cnm
1028 1542 1158 1618 pecunia·

286 1643 409 1702 simulac
421 1644 542 1716 primum
557 1644 590 1700 ei
598 1642 717 1700 occasio
731 1642 797 1699 visa
810 1649 863 1710 est,
872 1639 1057 1716 (cognoscite
1071 1641 1159 1700 lromi·

284 1743 333 1804 nis
347 1740 523 1816 principium
542 1741 762 1815 magistratuum
775 1742 967 1815 gerendorum
976 1745 1009 1798 et
1030 1738 1160 1814 reipubli-

284 1858 340 1902 cae
352 1836 619 1917 administrandae)
630 1857 734 1896 aversa
745 1838 870 1912 pecnnia
878 1838 1012 1913 publica3
1031 1836 1053 1869 ²
1062 1855 1159 1913 quaes·

286 1944 332 2000 tor
345 1942 504 2007 consulem,
517 1938 690 2006 exercitum,
704 1943 811 1995 sortem
825 1937 1065 2014 provinciamque
1082 1939 1160 1996 dese·

285 2039 353 2097 ruit.
406 2038 505 2095 Video
531 2036 600 2111 quid
623 2036 749 2111 egerim:
779 2036 865 2111 erigit
888 2054 938 2094 se:
969 2040 1079 2110 sperat,
1106 2034 1158 2094 sibi

285 2133 307 2167 ³⁰
316 2152 415 2192 auram
427 2151 512 2206 posse
527 2134 652 2207 aliquam
666 2134 767 2204 afflari,
782 2134 812 2191 in
837 2136 892 2192 hoc
910 2134 1048 2204 crimine,
1061 2137 1157 2194 volun·

287 2232 355 2290 tatis
369 2231 600 2305 assensionisque
614 2250 722 2299 eorum,
738 2233 840 2308 quibus
854 2234 909 2291 Cn.
927 2234 1073 2292 (inbonis
1089 2250 1157 2292 mor·

286 2330 329 2390 tui
343 2348 450 2391 nomen
463 2328 532 2389 odio
545 2329 598 2387 sit:
619 2329 721 2405 quibus
731 2331 812 2391 illam
825 2331 1011 2392 relictionem
1026 2333 1157 2408 proditio·

286 2450 411 2508 nemque
425 2431 553 2489 consulis
571 2429 616 2487 sui
636 2436 747 2504 gratam
761 2437 857 2504 sperat
869 2433 939 2489 tore.
982 2433 1078 2505 Quasi
1092 2449 1158 2492 vem

287 2532 318 2590 id
337 2532 497 2604 cupiditate
517 2531 716 2589 detendendae
736 2531 904 2597 nobilitatis,
917 2535 968 2587 ant
985 2533 1083 2589 studio
1101 2549 1157 2607 par·

287 2629 360 2693 tium
373 2629 483 2695 lecerit,
494 2647 529 2686 ac
545 2647 603 2685 non
618 2629 801 2701 apertissime
817 2631 976 2696 consulem,
988 2631 1157 2699 exercimm.

288 2726 526 2802 provinciamque
538 2727 746 2802 compilarit,et
755 2735 869 2802 propter
878 2727 1158 2799 impudentissimum

318 2881 340 2914 ²⁰
355 2882 592 2942 bauaidisomuilusl
625 2881 705 2930 Delevi
723 2881 847 2940 stiriaque,
858 2881 916 2942 qnod
926 2881 992 2927 abest
1008 2882 1039 2928 ab
1057 2882 1109 2929 edri
1126 2896 1157 2943 pr.

289 2941 374 2988 Primus
385 2943 496 2989 Victorius
506 2941 600 2996 addidit,
610 2956 675 3003 quem
686 2942 761 2987 statim
771 2941 796 2986 P.
806 2940 924 2986 Manutius
933 2945 1023 2988 secutus
1033 2941 1159 2989 atesinus

289 3001 364 3044 ceteri.
380 3016 421 3046 nec
429 3002 511 3046 habent
522 3001 545 3045 id
554 3001 645 3047 verbum
655 2999 713 3046 Mu.
724 2999 834 3055 meliores,
845 3004 869 3044 nt
879 2999 926 3044 turs.
938 2999 980 3044 Dr.

319 3077 341 3107 2⁹
355 3079 530 3137 qsmcstorcoas]
560 3079 598 3123 Ne
608 3078 655 3137 quis
686 3083 735 3124 utet
750 3078 816 3123 inane
833 3092 879 3123 osse
888 3081 995 3136 water.
1013 3078 1115 3126 additrrm
1128 3081 1159 3124 est

290 3138 379 3192 praeter
393 3135 549 3180 necessitatem
559 3135 615 3180 illud
640 3137 661 3182 ui
692 3152 722 3191 m,
736 3137 774 3182 sed
784 3141 809 3182 ut
818 3135 942 3193 elegantior
950 3140 975 3180 et
985 3138 1098 3185 efficacior
1106 3141 1159 3185 esset

289 3191 495 3259 oratio,·quaestore
503 3206 553 3237 curn
562 3151 651 3238 consuis
660 3196 818 3264 coniungendo.
845 3194 954 3254 Exempla
964 3195 1033 3254 plura
1040 3203 1093 3244 sunt
1102 3197 1161 3254 huju!

289 3249 376 3295 artiticrr
386 3264 420 3308 ap.
432 3249 569 3304 Ciceronem,
580 3250 677 3307 Livium,
693 3254 803 3299 Tacrtum.

319 3327 341 3360 3⁰
351 3341 431 3372 suram
440 3354 467 3361 --
478 3328 596 3374 uoluntatis
604 3331 791 3391 caecatissimus]
822 3331 881 3378 Edd.
900 3347 933 3392 pr.
945 3331 1033 3379 habent
1050 3332 1160 3380 somno

289 3386 403 3447 nisusque
412 3387 441 3431 ad
452 3385 574 3432 Victoriam
584 3393 626 3434 ets
655 3404 726 3436 traces.
758 3391 883 3436 Primuma
900 3390 930 3436 ud
947 3390 972 3436 P.
985 3392 1160 3439 Manutiurnre

289 3445 337 3508 peri
347 3446 626 3513 memusuisqtre,quodet
676 3449 796 3494 schabest
821 3449 880 3495 iures
934 3449 949 3495 i.
983 3449 1158 3498 lnterGraes-is·

288 3520 329 3553 nos
338 3521 392 3553 unns
402 3504 544 3557 Frentanus,
555 3505 588 3551 cni
599 3506 707 3553 consentit
715 3507 789 3553 Guett,
820 3508 825 3518 '
845 3507 940 3554 maisou
949 3507 1028 3566 habet,
1039 3511 1100 3556 uncle
1109 3515 1131 3556 et
1140 3508 1160 3554 in

289 3569 375 3613 textum
384 3562 468 3623 recepit
477 3561 593 3610 Graevius.
625 3566 647 3612 N
649 3580 677 3612 on
687 3564 780 3611 sustinui
789 3565 880 3613 imitari.
913 3565 1026 3614 Voluntas
1035 3574 1061 3615 et
1069 3567 1160 3617 wass

289 3630 340 3671 nunt
350 3635 480 3682 synonyma,
488 3621 582 3667 aiterum
591 3623 690 3684 explicat
697 3623 762 3684 prius.
780 3624 839 3674 Quia
849 3625 878 3670 ad
885 3639 965 3672 nurum
972 3626 1072 3674 reler‘olr
1080 3633 1160 3674 utnon-

289 3681 1160 3803 ἕαἘρὲ“”ῗῗ’ἑεῗῶἰὲ.ωῗὛῗκῖιῗέἛῗέηὛὛ”Μ“ω”αῗὲ

213 3793 217 3799 ,
301 3790 305 3796 ,
383 3757 396 3788 e
665 3757 685 3789 rr
774 3774 779 3787 .
848 3757 900 3805 mpe
976 3796 978 3801 ,

175 3804 211 4051 Ἰ
290 3795 541 3850 ίῗεετωίεοηῐίοιιοιη.
