2700 4675
526 605 793 665 raonumurro.
1061 610 1105 675 33

231 753 338 829 capitis
351 755 441 825 deas,
464 761 586 831 oportet.
630 758 758 825 Accusa,
771 756 821 814 nbi
840 756 884 814 ita
905 772 1030 815 necesse
1050 761 1104 813 est.

234 872 304 922 non,
328 854 430 929 inquit,
445 856 502 913 nisi
517 866 548 913 tu
571 859 649 921 ante,
668 854 779 912 wnovo
803 856 898 924 modo,
921 855 1016 927 priore
1039 857 1106 912 loco

231 952 352 1010 dixeris.
386 952 543 1011 dicendum
577 951 743 1010 necessario
776 958 835 1009 est:
870 951 1106 1027 praestituendus

233 1051 322 1107 horae
337 1051 374 1106 ad
388 1050 537 1107 arbitrium
551 1054 694 1108 nostrum:
716 1051 809 1124 judex
828 1048 923 1124 ”ipse
951 1050 1104 1109 arcebitur.

236 1146 315 1218 Quid
329 1144 411 1205 tum?
432 1148 482 1204 Tu
496 1148 621 1223 aliquem
635 1153 787 1221 patronum
800 1148 945 1218 invenies,
956 1149 1106 1207 bominem

235 1244 347 1319 antiqui
368 1246 466 1315 officii,
490 1246 539 1322 qui
567 1248 750 1320 splendorem
771 1252 908 1315 nostrum,
930 1251 961 1304 et
983 1247 1105 1321 gratiam

237 1344 366 1419 negligat
380 1341 392 1401 l
411 1362 464 1417 pro
476 1358 523 1402 me
537 1343 677 1419 pugnabit
697 1343 733 1401 L.
756 1344 917 1417 Phiiippus,
931 1346 1105 1418 eloquentia,

232 1441 388 1516 gravitate,
402 1443 512 1500 honore
526 1440 746 1499 florentissimus
759 1441 909 1498 civitatis:
930 1441 1010 1498 dicet
1032 1444 1105 1500 Hor

229 1540 352 1608 tensius,
374 1542 524 1597 excellens
537 1538 668 1613 ingenio,-
689 1537 852 1605 nobilitate,
865 1538 1082 1599 existimatione
1096 1560 1103 1598 ε

232 1639 356 1695 aderunt
377 1641 475 1695 autem
497 1636 630 1695 homiues
645 1635 817 1694 nobilissimi
840 1652 877 1694 ac
901 1638 1104 1710 potentissimi,

234 1743 355 1810 quorum
368 1735 558 1811 frequentiam
571 1740 602 1793 et
615 1751 784 1793 consessum
796 1751 858 1793 non
871 1737 958 1794 modo
968 1737 1002 1794 P.
1012 1738 1104 1811 Quin·

230 1833 301 1901 tius,
314 1833 365 1908 qui
379 1835 415 1892 de
429 1834 526 1908 capite
539 1834 681 1901 decernit,
691 1834 742 1890 sed
755 1833 862 1907 quivis,
875 1835 925 1909 qui
934 1841 1017 1892 extra
1030 1835 1108 1909 peri·

234 1933 333 1989 culum
356 1930 404 1999 sit,
427 1932 635 2004 perhorrescat.
677 1932 761 1987 Haec
785 1936 830 1987 est
850 1931 950 2006 iniqua
972 1935 1104 2003 certatio,

233 2043 295 2085 non
308 2026 369 2094 illa,
383 2045 440 2101 qua
453 2032 485 2086 tu
497 2032 599 2085 contra
613 2026 783 2100 Alphenum
795 2027 974 2101 volitatorio,
987 2030 1105 2090 huicne

231 2125 284 2183 ubi
311 2124 485 2183 consisteret
509 2125 625 2201 quidem
649 2130 753 2183 contra
773 2130 813 2193 te,
834 2128 930 2185 locum
954 2128 1103 2204 reliquisti.
1213 2199 1215 2202 v

234 2222 331 2295 Quare
345 2228 396 2281 aut
408 2226 514 2283 doceas
525 2228 647 2299 oportet,
662 2223 831 2299 Alphenum
849 2243 971 2301 negasse
985 2244 1017 2285 se
1040 2244 1103 2302 pro·

232 2326 395 2382 curatorem
408 2342 481 2394 esse,
496 2342 555 2384 non
575 2323 717 2398 dejecisse
737 2324 861 2394 libellos,
869 2325 1013 2398 judicium
1026 2325 1104 2385 acci·

232 2439 301 2495 pere
312 2423 438 2480 noluisse
452 2444 459 2480 ι
480 2429 539 2492 sut,
553 2440 619 2481 cum
633 2425 709 2481 baec
722 2423 764 2479 ita
780 2425 858 2480 lacta
871 2423 939 2491 sint,
953 2441 992 2482 ex
1005 2425 1115 2482 edicto.

230 2523 262 2576 te
275 2520 352 2576 bona
365 2520 400 2577 P.
415 2520 531 2592 Quintil
545 2535 605 2576 non
619 2518 783 2591 possedisse
796 2520 949 2576 concedas.

271 2616 390 2673 Etenim
416 2616 443 2672 si
466 2634 505 2673 err
519 2615 618 2673 edicto
630 2614 801 2689 possedisti,
821 2632 936 2690 quaero,
955 2634 1008 2675 cur
1027 2618 1103 2677 bona
1113 2613 1156 2675 23

233 2727 295 2770 non
305 2711 469 2770 venierint:
490 2728 542 2770 cur
554 2713 645 2771 ceteri
657 2730 810 2786 sponsores
823 2720 854 2773 et
873 2715 1029 2774 creditores
1043 2734 1115 2795 non,

232 2811 436 2869 convenerint.
478 2811 612 2870 Nemone
636 2812 700 2880 luit,
724 2811 772 2869 cui
798 2814 917 2872 deberet
942 2812 1102 2887 Quintius?

233 2909 373 2979 Fuerunt,
398 2914 428 2968 et
448 2913 611 2984 complures
637 2911 771 2967 luerunt:
790 2916 941 2984 propterea
964 2913 1040 2987 quod
1064 2914 1100 2972 0.

222 3009 238 3064 l
245 3013 323 3067 rater
336 3009 515 3083 aliquantum
528 3008 603 3066 aeris
617 3007 709 3067 alieni
730 3008 893 3083 reliquerat.
936 3008 1014 3081 Quid
1033 3028 1102 3086 ergo

232 3102 301 3164 est?
321 3106 464 3166 Homines
476 3111 559 3165 crant
572 3108 609 3163 ab
619 3108 676 3164 boc
689 3123 791 3165 omnes
814 3107 1003 3166 alienissimi:
1024 3108 1100 3169 eliis

228 3257 487 3387 Ngvffswqu'i'rlfeamffioc
496 3333 540 3365 nou
549 3317 643 3364 dixerit:
660 3323 695 3365 est
704 3319 763 3387 enim
777 3318 855 3366 contra
869 3319 951 3380 ipsum:
968 3325 993 3366 et
1002 3320 1025 3367 id
1035 3336 1059 3368 su
1075 3337 1101 3368 ra

224 3378 315 3436 quesbus
330 3375 460 3432 estcrrero,
485 3378 530 3423 uod
542 3382 620 3422 contra
635 3378 867 3424 consuebrdrnemboc
882 3382 946 3424 esset.
977 3379 1037 3426 Mox
1076 3381 1098 3426 d.

227 3445 315 3537 mrsu
330 3434 439 3488 crassum
515 3436 562 3480 lere
571 3434 832 3483 habentrsrts'tuendum.
864 3435 967 3484 Correxit
982 3437 1100 3485 beneVic·

252 3568 275 3603 '1⁸
289 3567 336 3624 ipre
345 3571 483 3630 crearetur]
514 3570 573 3618 Mss
585 3570 681 3631 aliquot,
691 3570 746 3617 item
755 3572 791 3617 cd.
804 3572 841 3620 W.
857 3574 983 3620 arraudus.
1012 3573 1101 3619 Neutra

221 3627 295 3677 tectio
305 3626 387 3687 placet.
399 3641 451 3672 uam
460 3642 546 3675 sensum
555 3628 696 3676 commodum
704 3643 749 3676 nrm
758 3630 832 3676 video.
847 3645 891 3678 nou
901 3631 960 3678 enim
969 3631 1013 3678 boc
1023 3631 1046 3677 iu
1054 3645 1100 3676 om-

224 3685 289 3736 uibus
299 3682 380 3732 caussis
389 3686 421 3741 fit,
432 3689 458 3731 ut
464 3685 550 3743 judices
560 3690 674 3746 vocentur,
684 3700 729 3749 quo
742 3692 844 3750 tempore
858 3692 948 3750 oportet
956 3703 1033 3736 caussa
1043 3687 1101 3746 agi?

220 3744 262 3791 Va
271 3743 361 3804 quidem
371 3743 447 3805 aliqua
455 3743 601 3803 intelligenda
610 3749 651 3801 est,
676 3760 728 3795 uam
738 3745 761 3794 in
771 3762 799 3794 eo
809 3748 878 3795 verbo
888 3763 932 3795 non
947 3746 1001 3793 satis
1020 3745 1095 3792 video.

221 3804 268 3852 Sed
280 3802 411 3909 ffutffom.
421 3804 483 3852 148⁰.
494 3801 533 3851 Br.
544 3802 605 3852 sunt.
615 3817 654 3851 arc
683 3804 690 3816 '
714 3819 736 3865 r,
747 3806 806 3862 uude
814 3807 899 3855 iacun
907 3804 1033 3853 orm.
1063 3804 1100 3868 ld-

224 3874 269 3926 que
361 3875 425 3909 rmus.

492 3260 543 3308 Hoc
561 3259 616 3306 mihi
634 3259 731 3319 glossam
749 3261 804 3317 olet,
827 3260 874 3308 sive
891 3265 968 3307 notam
986 3263 1098 3322 marginis.
