2700 4675
431 589 497 639 rso
511 587 579 637 anx.
595 585 708 636 noscro
723 584 886 634 musmo.
1056 587 1095 649 ,γ

228 735 427 803 absconditur,
445 752 482 793 eo
499 735 592 809 magis
612 735 723 792 eminet
736 739 766 790 et
779 737 906 807 apparet.
949 730 1028 803 Quid
1046 730 1147 806 igi-42

230 833 299 893 tur?
340 834 547 907 Chrysogonus
577 834 622 890 sui
642 831 793 889 'maleficii
821 830 988 888 occultandi
1010 845 1099 887 causa

230 932 433 1008 quaestionem
445 932 483 987 de
493 931 539 987 bis
552 930 654 987 haberi
665 947 726 987 non
740 926 824 987 vult?
836 928 964 997 minime,
972 928 1097 1001 judices.

231 1049 292 1088 non
318 1030 351 1087 in
373 1045 475 1085 omnes
501 1028 621 1085 arbitror
644 1029 742 1086 omnia
765 1027 935 1088 convenire.
975 1028 1042 1102 Ego
1066 1029 1098 1085 in

233 1128 435 1202 Chrysogono,
454 1128 528 1200 quod
542 1128 578 1184 ad
595 1143 642 1185 me
654 1128 769 1196 attinet,
786 1128 860 1188 nibil
879 1128 1019 1202 ejusmodi
1039 1145 1098 1185 sus·

233 1226 314 1300 picor
341 1244 433 1309 neque
446 1226 501 1283 boc
512 1225 584 1283 mihi
598 1244 676 1284 nunc
689 1227 813 1300 primum
825 1227 858 1285 in
871 1232 1000 1286 mentem
1013 1226 1097 1285 venit

231 1325 339 1384 dicere.
373 1324 559 1393 Meministis,
569 1341 617 1381 me
627 1325 670 1382 its
679 1325 861 1383 distribuisse
874 1325 960 1382 initio
969 1342 1097 1393 causam,

230 1427 261 1484 in
279 1427 399 1493 crimen,
422 1426 505 1500 cnjus
524 1429 586 1482 tota
605 1424 817 1498 argumentatio
831 1424 971 1497 permissa
990 1426 1098 1483 Emcio

228 1532 282 1597 est,
304 1530 336 1584 et
354 1525 386 1582 in
404 1523 566 1591 audaciam,
587 1524 669 1597 cujus
689 1527 785 1596 partes
808 1522 923 1580 Rosciis
945 1523 1098 1597 impositos

228 1629 303 1682 sunt.
347 1622 494 1698 Quidquid
516 1621 662 1690 maleficii,
679 1622 807 1691 sceleris,
827 1623 925 1681 coedis
949 1626 1014 1693 erit,
1035 1641 1096 1699 pro·

229 1724 323 1796 prium
335 1723 367 1781 id
387 1724 558 1781 Rosciorum
572 1740 636 1779 esse
656 1721 783 1780 debebit.
825 1723 956 1780 Nimiam
975 1724 1096 1797 gretiam

229 1822 447 1896 potentiamque
461 1821 654 1895 Chrysogoni,
672 1821 805 1887 dicimus,
825 1826 856 1877 ct
873 1822 959 1879 nobis
972 1825 1096 1890 obstare,

229 1926 261 1978 et
281 1920 398 1993 perferri
421 1921 502 1975 nutto
520 1921 609 1975 modo
628 1935 732 1991 posse:
756 1923 788 1975 et
809 1935 827 1974 a
848 1920 942 1986 vobis,
961 1921 1098 1994 qnoniam

229 2022 359 2092 potestas
378 2017 447 2073 data
465 2019 520 2083 est,
539 2032 598 2072 non
621 2017 708 2071 modo
724 2015 871 2083 infirmari,
891 2018 1098 2075 verumetiam

229 2114 377 2175 vindicari
398 2118 539 2187 oportere.
584 2113 649 2188 Ego
674 2112 718 2171 sic
745 2112 899 2184 existim03
926 2114 976 2190 qni
999 2115 1097 2191 quaeri

228 2214 356 2274 vetites
370 2213 415 2281 iis,
437 2229 508 2289 quos
526 2218 650 2281 constat,
670 2230 735 2271 cum
749 2214 855 2270 caedes
869 2214 946 2272 facts
959 2214 1006 2282 sit,
1025 2216 1095 2275 affu-

225 2315 294 2385 isse,
315 2332 380 2373 eum
397 2331 508 2388 cupere
524 2331 626 2372 verum
645 2312 799 2372 invenire:
817 2313 866 2389 qui
887 2319 1011 2384 recisset,
1027 2329 1094 2374 eran

225 2415 365 2490 profecto,
383 2413 499 2472 tametsi
513 2415 603 2470 verbo
615 2430 675 2470 non
688 2414 803 2479 audeat,
822 2418 921 2470 tamen
934 2432 965 2470 re
978 2414 1042 2486 ipsa
1057 2415 1094 2471 de

226 2513 374 2572 maleticio
387 2528 441 2568 suo
453 2510 596 2567 contiteri.
630 2509 706 2566 Dixi
718 2509 813 2577 initio,
821 2509 946 2582 jndices,
959 2512 1038 2567 nolle
1048 2528 1096 2568 me

226 2615 311 2687 ptura
320 2611 358 2667 de
367 2610 489 2666 istorum
500 2608 611 2663 scelere
621 2606 728 2674 dicere,
738 2623 823 2682 qnam
834 2624 921 2665 cansa
928 2610 1096 2682 postularet,

229 2727 267 2768 ac
281 2707 440 2766 necessitas
450 2704 514 2780 ipsa
527 2709 652 2779 cogeret.
687 2705 716 2762 N
718 2721 765 2762 am
778 2709 809 2763 et
821 2709 928 2764 multae
941 2725 986 2764 res
1000 2708 1095 2766 afferri

227 2810 356 2884 possunt,
374 2811 406 2864 ct
419 2821 605 2880 unaquaeque
615 2821 715 2861 earum
728 2805 827 2862 multis
840 2823 906 2862 cum
919 2807 1093 2881 argumentis

226 2907 288 2967 dici
300 2909 404 2981 potest.
445 2905 557 2962 Verum
576 2920 639 2978 ego,
654 2905 734 2978 quod
753 2903 864 2961 invitus
877 2922 912 2962 ac
930 2908 1094 2966 necessario

225 3007 312 3075 facio,
338 3022 432 3082 neque
454 3004 516 3072 diu,
543 3020 638 3078 neque
663 3002 821 3077 diligenter
846 3004 942 3062 iacere
968 3023 1090 3081 possum.

224 3123 299 3182 quse
317 3103 466 3179 praeteriri
485 3104 566 3160 nullo
579 3103 664 3159 modo
685 3106 827 3175 poterent,
845 3120 881 3160 ea
894 3104 1007 3175 leviter,
1014 3107 1092 3180 jndi-

225 3223 287 3272 ces,
306 3203 407 3278 attigi:
428 3220 501 3278 quae
514 3201 609 3276 posita
626 3201 737 3259 suntin
751 3202 970 3276 suspicionibus,
983 3207 1020 3264 de
1030 3209 1090 3284 qni·

225 3306 280 3360 bus
301 3301 326 3357 si
348 3317 472 3375 coepero
492 3300 605 3368 dicere,
628 3299 755 3372 pluribus
777 3301 873 3358 verbis
891 3303 929 3361 sit
949 3305 1089 3365 disseren-

225 3403 305 3467 dum,
319 3416 354 3456 ee
364 3398 467 3456 vestris
480 3397 606 3472 ingeniis
619 3399 860 3474 conjecturasque
870 3407 1027 3464 committo.

265 3497 366 3555 Venio
385 3513 463 3555 nunc
478 3497 518 3554 ad
540 3496 613 3553 illud
627 3513 734 3553 nomen
758 3514 874 3557 aureum
894 3502 1142 3578 Chrysogoni&

223 3600 279 3658 sub
293 3614 350 3673 quo
362 3595 479 3653 nomine
501 3598 563 3652 tota
574 3593 700 3662 societas
713 3596 862 3654 statuitur:
884 3601 921 3657 de
934 3620 1000 3677 quo,
1011 3601 1088 3673 judi-

212 3717 285 3766 ·ccs,
305 3713 401 3770 neque
418 3694 559 3770 quomodo
572 3692 678 3761 dicam,
697 3711 790 3769 neque
804 3700 946 3770 quomodo
965 3704 1087 3766 taceam,

222 3795 349 3873 reperire
363 3809 488 3869 possum.
530 3791 655 3852 sienim
669 3797 769 3866 tace03
789 3797 839 3853 vel
852 3795 1010 3854 maximnm
1026 3813 1087 3871 par·

263 3912 334 3953 von.
349 3911 391 3952 rr.
629 3892 663 3947 ll
