2700 4675
478 561 551 619 aer.
568 565 599 617 u.
614 567 712 618 anea
729 565 860 618 mmus.
1037 568 1095 631 191

219 718 273 784 mr,
286 732 346 773 uon
358 714 448 772 modo
468 716 618 774 deserendi
630 716 767 782 nominis,
779 716 832 772 sed
844 730 883 771 ne
896 711 1097 770 subscribendi

224 813 351 888 quidem,
365 829 433 871 cum
456 812 488 869 id
508 816 675 886 postularet,
695 814 826 869 lacerent
838 814 1020 884 potestatem.
1060 810 1097 867 ln

228 910 362 968 Siciliam
375 928 440 969 sum
453 909 619 985 inquirendi
632 926 721 967 causa
735 910 888 983 proiectus.
897 925 954 982 quo
967 907 997 964 in
1012 923 1098 980 nego-

224 1008 268 1066 tio
282 1009 454 1066 industriam
468 1024 563 1065 meam
583 1007 718 1065 celeritas
736 1006 896 1074 reditionis,
915 1005 1100 1079 diligentiam

228 1106 383 1164 multitudo
401 1105 560 1164 litterarum
574 1110 604 1162 et
625 1106 741 1164 testium
762 1104 940 1162 declaravit:
960 1106 1099 1177 pudorem

229 1220 347 1262 veroac
360 1203 539 1278 religionem,
559 1205 644 1278 quod,
665 1219 734 1261 cum
758 1203 905 1261 venissem
925 1209 1041 1261 senator
1060 1204 1099 1260 ad

226 1302 321 1360 socios
345 1302 443 1375 populi
462 1302 596 1371 Romani,
618 1302 719 1378 quiin
740 1320 777 1359 ea
798 1302 952 1375 provincia
965 1307 1100 1375 quaestor

226 1400 353 1467 fuissem,
362 1402 399 1458 ad
423 1401 552 1474 hospites
567 1418 647 1458 meos
661 1417 697 1458 ac
711 1400 890 1457 necessarios
904 1416 1009 1456 causae
1021 1416 1105 1456 com·-

224 1500 319 1558 munis
331 1500 467 1557 delensor
480 1498 595 1556 deverti
607 1499 712 1572 potius,
725 1498 862 1572 quemad
885 1514 945 1565 eos,
957 1497 1007 1571 qui
1020 1514 1039 1553 a
1052 1514 1100 1555 me

224 1598 365 1656 auxilium
380 1597 563 1671 petivissent.
605 1597 727 1654 Nemini
746 1614 827 1653 meus
841 1597 984 1654 adventus
998 1596 1099 1664 labori,

226 1701 276 1754 aut
286 1696 401 1764 sumtui,
412 1714 507 1771 neque
517 1695 641 1768 publice,
651 1713 746 1769 neque
757 1695 893 1769 privatim
907 1695 970 1753 luit.
996 1693 1019 1725 ¹²
1026 1695 1098 1752 Vim

224 1795 260 1853 in
273 1795 445 1869 inquirendo
458 1801 568 1852 tantam
582 1794 680 1862 habui,
694 1800 832 1869 quantam
845 1795 917 1851 mibi
931 1796 981 1851 lex
994 1795 1082 1851 dabat
1088 1814 1098 1850 ε,

229 1911 290 1952 non
300 1900 435 1968 quantam
449 1896 557 1951 habere
569 1898 699 1966 poteram
711 1894 831 1951 istorum
844 1894 949 1960 studio,
959 1911 1030 1967 quos
1043 1895 1103 1951 iste

227 1997 360 2049 vexarat.
402 1992 527 2048 Romam
539 1995 571 2046 ut
582 2008 621 2046 ex
636 1990 740 2047 Sicilia
752 1991 835 2057 redii,
845 2008 912 2047 cum
930 1990 995 2058 iste,
1014 1996 1100 2065 etque

226 2089 310 2147 istius
320 2088 418 2155 amici,
427 2088 560 2146 homines
568 2087 640 2146 lauti
650 2093 681 2145 st
691 2089 802 2155 urbani,
812 2106 960 2146 sermones
970 2089 1101 2162 hujusce·

224 2188 305 2245 modi
328 2186 526 2259 dissipassent,
550 2203 608 2260 quo
633 2186 746 2244 animos
774 2187 892 2245 testium
913 2189 1099 2255 retardarent,

228 2303 276 2345 me
290 2303 395 2361 magna
408 2285 561 2359 pecuniae
574 2303 645 2343 vera
659 2286 846 2345 accusatione
856 2304 920 2345 esse
934 2288 1099 2356 deductum,

226 2384 342 2443 tametsi
355 2383 376 2415 ¹³
385 2386 559 2458 probabatur
571 2385 693 2452 nemini,
706 2388 783 2459 quod
796 2392 826 2442 et
839 2404 878 2443 ex
893 2386 997 2444 Sicilia
1010 2391 1100 2441 testes

227 2489 309 2541 erant
324 2482 356 2549 ii,
366 2483 416 2556 qui
429 2486 609 2556 quaestorem
624 2499 671 2537 me
685 2481 715 2537 in
727 2483 880 2554 provincia
893 2487 1101 2554 cognoverant,

229 2586 261 2638 et
273 2581 343 2637 hinc
358 2580 491 2636 homines
514 2577 642 2634 maxime
669 2577 804 2645 illustres,
825 2579 883 2652 qui,
909 2584 942 2636 ut
964 2579 1021 2652 ipsi
1037 2579 1101 2636 noti

227 2683 304 2744 sunt,
318 2676 361 2733 sic
381 2682 509 2733 nostrum
534 2692 763 2749 unumquemque
776 2677 886 2749 optime
909 2683 1031 2735 norunt:
1058 2684 1100 2736 ta-

228 2794 298 2835 men
321 2792 411 2850 usque
434 2791 470 2830 eo
488 2773 581 2840 timui,
592 2792 639 2856 'ne
652 2773 715 2848 quis
728 2775 766 2830 de
779 2792 845 2832 mec
857 2776 914 2832 fide
928 2783 1013 2851 atque
1027 2779 1100 2835 inte·

222 2875 332 2950 ·gritate
341 2874 497 2941 dubitaret,
504 2875 599 2931 donec
608 2873 645 2929 ad
654 2872 948 2946 rejiciendosjudices
957 2875 1099 2932 venimus.

229 2973 365 3031 Sciebam
385 2973 416 3029 in
433 2971 599 3044 rejiciendis
613 2971 763 3043 judicibus
778 2974 940 3039 nonnullos,
962 2963 1130 3032 memorial

228 3079 333 3140 nostra,
344 3070 487 3145 pactionis
500 3071 697 3143 suspicionem
711 3086 769 3127 non
785 3071 903 3138 vitasse,
917 3088 983 3129 cum
996 3072 1100 3145 ipsein

226 3170 422 3236 accusatione,
435 3168 684 3227 eorumindustria
698 3186 733 3226 ac
752 3169 905 3244 diligentia
925 3172 1099 3243 probaretur.

230 3268 277 3326 lta
299 3267 388 3337 rejeci
401 3266 527 3338 judices,
541 3273 572 3323 ut
585 3269 641 3324 boc
655 3273 779 3335 constet,
806 3275 870 3342 post
893 3269 970 3326 bunc
994 3277 1100 3328 statum

259 3417 281 3448 ¹²
299 3416 377 3463 Vr'mi.
387 3417 403 3463 i.
415 3422 430 3463 l.
442 3416 528 3478 latre]
560 3418 586 3464 ln
600 3418 702 3464 eruendis
720 3417 852 3477 criminibus,
871 3421 948 3480 literis,
965 3423 1054 3480 tabulis,
1074 3427 1101 3469 ut

231 3490 261 3523 ne
274 3476 323 3536 plus
332 3477 363 3522 ad
381 3491 409 3521 ea
418 3477 569 3536 extorquenda
579 3477 681 3533 tacerem,
689 3491 755 3537 quam
774 3479 824 3536 legs
839 3481 968 3541 permissum
977 3488 1041 3535 esset,
1057 3495 1098 3526 nec

229 3548 337 3580 vexarem
348 3535 454 3590 nonanes,
470 3537 512 3579 ete.
545 3534 610 3580 Hunc
629 3549 715 3580 sensum
732 3534 789 3582 bene
807 3545 917 3586 assecutus
933 3544 966 3584 est
987 3539 1101 3584 Fen-atius

228 3594 389 3699 ffffltupffli.
401 3592 478 3638 melius
487 3591 568 3639 ceteris
577 3590 741 3653 interpretibus.
767 3595 811 3643 Ed.
822 3598 852 3645 R,
865 3597 902 3644 Bp,
914 3597 951 3644 Μ,
963 3601 987 3640 et
997 3596 1044 3641 Me,
1053 3595 1101 3644 (lu,

255 3730 277 3763 ¹³
289 3729 424 3787 imbitur
434 3728 539 3790 nomini]
569 3729 679 3777 Refertur
688 3731 716 3776 nd
725 3746 838 3781 sermones
850 3732 950 3794 proprie,
960 3731 1018 3777 unde
1027 3731 1102 3789 legen·

227 3787 543 3894 babebigffibfflmr'
574 3789 601 3837 ln
611 3789 704 3850 vulgata
714 3790 882 3852 intelligendum
891 3805 933 3848 m,
942 3789 975 3849 id,
986 3790 1045 3852 quod
1054 3801 1103 3840 ser-

267 3927 337 3969 vor.
359 3927 402 3969 1v.
682 3911 720 3968 19
741 3906 761 3950 *¹
