2700 4675
524 604 588 652 rno
603 600 628 651 r.
646 602 791 656 curario.
1053 610 1091 668 15

224 750 307 806 uobis
335 753 455 824 tempus,
483 768 568 826 quam
595 750 645 807 din
675 750 847 816 diceremus,
869 747 1092 821 praestitueres:

226 863 310 919 quam
325 827 384 904 rem
399 847 511 905 facilen
525 852 657 920 praetore
667 847 880 919 impetrassent,
894 846 951 903 nisi
965 856 1006 913 tu,
1019 847 1095 920 quod

225 949 302 1000 esset
316 949 394 1002 tuum
402 945 451 1017 jus
466 950 496 1001 et
509 945 635 1001 officium
655 950 816 1018 partesque,
838 944 994 1001 docuisses.
1035 945 1064 1000 N
1067 962 1095 1001 e·

225 1059 279 1114 que
298 1042 380 1130 nobis
405 1044 508 1110 adhuc,
522 1048 636 1116 praeter
659 1047 698 1109 te,
711 1040 859 1116 quisquam
882 1042 945 1109 init,
958 1042 1009 1098 ubi
1030 1060 1096 1099 nos·

227 1139 353 1211 trumjus
368 1146 469 1197 contra
478 1140 543 1197 illos
558 1140 770 1197 obtineremus:
791 1157 885 1214 neque
895 1140 953 1197 iltis
962 1157 1095 1214 umquam

226 1237 294 1293 satis
310 1237 363 1294 suit
376 1237 448 1295 illud
465 1238 605 1304 obtinere,
624 1239 700 1311 quod
713 1238 827 1311 probari
840 1238 973 1295 omuibus
986 1243 1094 1311 posset.

225 1334 266 1390 ita
284 1335 347 1392 sine
369 1335 473 1408 injuria
486 1336 646 1409 potentiam
670 1337 768 1393 levem
786 1340 871 1409 etque
895 1338 1012 1408 inopem
1032 1354 1095 1393 esse

226 1433 409 1490 arbitrentur.
451 1434 563 1489 Verum
577 1433 713 1507 quoniam
727 1432 781 1489 tibi
803 1433 893 1489 instat
914 1434 1094 1502 Hortensius,
1108 1438 1147 1497 10

225 1537 256 1587 ut
284 1550 332 1587 eas
360 1532 391 1588 in
418 1530 590 1589 consitium:
625 1548 711 1587 ame
735 1533 869 1604 postulat,
903 1550 940 1587 ne
969 1531 1095 1589 dicendo

227 1636 339 1703 tempus
367 1633 533 1688 absumam:
554 1632 689 1705 queritur,
716 1632 809 1705 priore
836 1638 957 1705 patrono
977 1650 1095 1691 causam

223 1730 406 1798 defendente,
427 1748 581 1804 numquam
603 1730 728 1803 perorari
751 1730 894 1803 potuisse:
915 1749 974 1788 non
988 1733 1090 1804 patiar,

223 1828 309 1885 istam
330 1846 446 1885 manere
471 1828 676 1901 suspicionem,
700 1846 753 1886 nos
773 1847 833 1886 rem
848 1829 976 1901 judicari
990 1833 1090 1887 nolte:

225 1943 281 1982 nec
292 1926 363 1982 illud
380 1926 451 1983 mihi
465 1929 612 1999 arrogabo‚
626 1944 673 1983 me
689 1943 771 1999 posse
782 1943 899 1983 causam
913 1928 1092 1984 commodius

225 2024 429 2090 demonstrare,
443 2041 527 2097 quam
552 2027 639 2079 antea
655 2023 851 2080 demonstrata
864 2023 900 2079 sit
916 2045 923 2079 ε
944 2042 1038 2099 neque
1052 2031 1093 2082 ta·

226 2138 293 2179 meu
307 2125 367 2178 tam
391 2122 480 2177 multa
504 2122 595 2177 verba
615 2120 739 2178 faciam:
759 2126 909 2194 propterea
923 2124 998 2197 quod
1012 2128 1042 2179 et
1055 2126 1092 2181 ab

225 2219 285 2288 illo,
299 2220 348 2295 qui
362 2225 429 2277 ente
443 2219 527 2289 dixit,
548 2218 772 2292 informatajam
786 2238 873 2277 cansa
893 2225 947 2289 est,
961 2227 991 2277 et
1004 2238 1022 2277 a
1035 2239 1092 2291 me,

225 2318 273 2394 qui
297 2338 391 2397 neque
415 2319 590 2396 excogitare,
612 2339 706 2395 neque
727 2319 911 2394 pronuntiare
925 2322 1016 2378 multa
1029 2340 1092 2395 pos·

224 2435 295 2486 sum,
320 2418 446 2475 brevitas
461 2421 628 2491 postulatur,
643 2436 716 2492 quae
737 2417 870 2476 mihimet
882 2420 939 2492 ipsi
952 2420 1092 2481 amicissi-

224 2521 338 2572 maest.
380 2517 510 2582 Faciam,
525 2518 599 2588 quod
620 2521 650 2570 te
665 2533 753 2586 saepe
774 2515 968 2573 animadverti
986 2519 1090 2589 facere,

226 2613 382 2670 Hortensi:
398 2618 497 2671 ,totam
521 2629 625 2669 causae
653 2630 736 2669 meae
759 2613 917 2670 dictionem
941 2622 1036 2674 certas
1058 2619 1091 2677 in

225 2715 320 2784 partes
342 2710 480 2767 dividam.
523 2711 572 2767 Tu
594 2711 623 2768 id
647 2728 761 2784 semper
779 2711 862 2780 iacis,
888 2714 955 2788 quie
978 2733 1091 2790 semper

224 2815 315 2882 potes.
336 2826 391 2882 ego
405 2810 434 2865 in
445 2809 499 2866 hac
514 2827 599 2866 causa
614 2810 728 2878 faciam,
742 2816 892 2884 propterea
906 2816 981 2886 quod
994 2814 1025 2871 in
1034 2817 1089 2874 hac

225 2908 326 2965 videor
336 2926 419 2980 posse
433 2908 537 2965 iacere.
580 2909 664 2979 Quod
680 2909 732 2965 tibi
743 2914 845 2967 natura
857 2912 916 2976 dat,
934 2916 966 2968 ut
978 2931 1091 2986 semper

216 3007 324 3080 possis,
339 3006 367 3062 id
382 3007 454 3063 mihi
467 3024 554 3063 causa
565 3006 711 3074 concedit,
725 3012 757 3063 ut
767 3008 854 3064 hodie
862 3010 979 3081 possim.
1021 3012 1089 3068 Cer·

226 3110 270 3162 tos
291 3105 364 3162 mihi
387 3105 458 3161 fines
482 3105 674 3180 terminosque
689 3107 872 3173 constituam,
892 3105 1005 3164 ”extra
1019 3127 1088 3182 quos

193 3194 199 3209 '
223 3204 321 3276 egredi
336 3221 394 3260 non
416 3203 532 3275 possim,
552 3203 577 3259 si
599 3203 726 3260 maxime
746 3205 851 3260 velim:
873 3209 905 3261 ut
925 3211 955 3262 et
969 3207 1039 3262 mihi
1052 3209 1089 3264 sit

225 3302 409 3372 propositum,
432 3302 469 3356 de
493 3318 550 3373 quo
563 3301 673 3370 dicam;
695 3307 725 3358 et
737 3303 907 3359 Hortensius
920 3304 1026 3361 habeat
1039 3325 1089 3363 ex·

224 3397 327 3471 posita,
340 3400 376 3454 ad
390 3414 462 3472 quae
477 3400 657 3470 respondeat,
671 3403 701 3455 et
712 3403 752 3466 tu,
766 3400 802 3456 C.
819 3401 1006 3474 Aquilli,jam
1020 3410 1088 3460 ante

222 3494 319 3552 animo
340 3495 503 3567 prospicere
528 3495 628 3568 possis,
651 3496 753 3570 quibus
775 3499 813 3554 de
836 3501 919 3556 rebus
939 3500 1086 3558 auditurus

249 3648 272 3681 ³⁸
287 3651 410 3706 estraqaos
420 3647 550 3703 egredianm
565 3647 662 3708 possim]
694 3648 753 3695 Dedi
766 3651 847 3706 pesum
861 3666 903 3712 pro
921 3653 982 3710 vulg.
992 3666 1086 3709 mamus,

222 3707 300 3753 eadem
310 3706 339 3751 de
349 3719 431 3757 caussa,
442 3706 501 3764 quod
520 3705 542 3750 in
558 3719 586 3750 eo
595 3710 629 3751 est
638 3707 726 3752 foedum
736 3707 852 3756 latinitatis
862 3710 947 3759 vitium.
962 3710 1088 3772 utquisque

223 3765 349 3812 admonitus
359 3762 424 3808 facile
441 3763 529 3808 sentiet.
561 3762 592 3808 Et
609 3763 639 3810 sic
654 3769 689 3811 est
706 3765 729 3811 in
744 3768 795 3812 edd.
813 3782 847 3828 pr.
858 3769 888 3816 R.
900 3769 926 3815 Β.
938 3775 981 3815 etc.
1011 3769 1054 3817 Est
1063 3769 1088 3816 in

220 3838 308 3882 possam
316 3837 379 3871 error
386 3835 510 3882 operarum,
521 3822 558 3883 qui
567 3825 591 3869 et
600 3821 623 3869 in
633 3824 669 3869 W.
681 3824 798 3884 reperitur.
