2700 4675
268 549 333 611 284
597 549 632 599 nt
646 548 791 600 vanam

267 695 384 754 tametsi
404 695 465 754 diei
487 701 547 754 tum
561 714 640 766 vere,
657 704 718 757 tum
741 696 871 773 graviter
892 702 924 755 et
946 696 1147 759 vehementer

267 800 372 870 potest,
386 801 483 853 tamen
497 796 594 853 dicere
609 799 843 871 praetermittam,
857 813 949 872 eaque
969 796 1074 855 omnia
1090 804 1144 855 tes·

267 892 344 951 tibus
359 894 471 970 integra
486 898 654 954 reservabo:
674 896 757 964 illud,
768 897 843 971 quod
865 914 961 970 neque
975 897 1072 955 tremi
1085 898 1145 957 uilo

267 994 363 1061 modo,
383 1012 476 1069 neque
503 995 563 1052 diei
590 1013 642 1068 pro
668 995 809 1069 dignitate
834 998 939 1068 polest,
960 994 1144 1069 eognosoite.

268 1090 381 1151 Milites
401 1092 579 1167 remigesque
601 1094 738 1153 Miletum
752 1094 866 1167 Myndo
885 1093 1012 1167 pedibus
1034 1092 1144 1153 reverti

261 1189 364 1265 jubet:
393 1190 455 1263 ipse
479 1208 686 1265 myoparonem
709 1192 943 1267 pulcherrimum,
972 1193 1013 1249 de
1039 1193 1142 1252 dooerrr

269 1288 451 1349 Milesiorum
472 1290 596 1350 navibus
616 1292 752 1359 eleetum,
766 1292 802 1349 L.
818 1290 921 1365 Magio
939 1295 972 1348 et
985 1290 1024 1349 L.
1038 1290 1142 1361 lisbio,

269 1387 318 1464 qui
342 1388 449 1463 Myndi
469 1390 648 1456 babitabant,
662 1389 805 1447 vendidit.
846 1388 888 1447 Hi
910 1394 981 1447 suut
1001 1389 1143 1457 bomin

270 1505 341 1561 quos
355 1506 447 1562 nuper
459 1493 575 1546 senatus
588 1488 619 1546 in
639 1488 765 1545 bostium
778 1488 1065 1547 numero.babendos
1077 1504 1143 1547 oeu-

270 1585 343 1642 suitt
364 1588 420 1644 boo
431 1588 476 1646 illi
487 1588 607 1661 navigio
621 1587 657 1644 ad
671 1604 773 1645 omnes
784 1586 882 1660 populi
893 1586 1023 1645 Romul
1036 1587 1143 1654 hostes,

269 1700 359 1755 usque
382 1687 420 1741 ab
435 1684 554 1752 Dianio,
569 1686 645 1758 quod
665 1684 697 1741 in
717 1685 860 1759 Hispania
879 1690 934 1753 est,
947 1684 988 1743 ad
1002 1684 1144 1759 Sinopen,

269 1801 343 1859 quse
363 1783 395 1841 in
410 1785 504 1842 Ponto
517 1788 570 1851 est,
585 1783 809 1858 navigaverunt.
849 1784 876 1841 0
889 1783 932 1841 dii
944 1783 1141 1841 immortalesl

269 1880 472 1941 incredibilem
481 1883 643 1951 avaritiam,
653 1882 883 1957 singularemque
891 1881 1067 1939 audaoiaml
1087 1882 1143 1939 lla·
1188 1926 1192 1933 .

271 1999 340 2039 veru
365 1988 395 2038 trr
418 1983 455 2039 de
479 1984 573 2040 olasse
593 1981 692 2056 populi
707 1981 841 2048 Romani,
855 1997 941 2055 quam
953 1979 1010 2038 tibi
1023 1980 1143 2037 Milesia

271 2081 388 2149 civitas,
398 2085 704 2154 ulteprosequeretur‚
714 2079 850 2146 dedisset,
861 2095 946 2135 ausns
957 2073 1144 2137 venderet

272 2177 307 2236 Si
320 2183 349 2235 te
363 2180 531 2252 magnitudo
546 2178 692 2246 maleficii,
707 2176 731 2235 si
746 2185 774 2234 te
793 2176 944 2235 bominum
963 2174 1144 2235 existimatio

271 2293 331 2334 uon
351 2279 502 2334 movebat:
524 2296 561 2334 ne
581 2278 652 2335 illud
674 2278 791 2352 quidem
808 2277 969 2353 wgitabas,
989 2276 1077 2352 brqjus
1094 2276 1143 2335 iu}

271 2376 433 2451 probissimi
446 2376 522 2444 furti,
536 2377 601 2433 sive
615 2378 689 2434 adeo
702 2376 829 2434 nefariae
843 2377 979 2449 praedae,
992 2381 1055 2435 tarn
1067 2377 1143 2434 illru-

271 2480 345 2535 trem
357 2494 393 2535 ae
407 2482 466 2534 tam
481 2476 607 2533 nobilem
620 2475 771 2533 civitatem
786 2481 890 2533 testem
901 2472 1051 2534 futuram?
1085 2475 1142 2542 Ao.

271 2576 339 2651 quia
362 2582 423 2633 turn
447 2576 503 2633 Cn.
519 2576 674 2632 Dolabella
697 2575 728 2632 in
753 2591 828 2642 eum,
842 2573 891 2648 qni
915 2573 944 2631 ei
968 2570 1140 2647 myoparoni

271 2673 441 2747 praefuerat,
460 2673 640 2747 Milesiisque
654 2690 714 2729 rem
735 2679 848 2746 gestum
867 2671 1060 2740 renuntiarat,
1085 2669 1145 2728 ani·

272 2771 452 2828 madvertere
467 2776 516 2829 tuo
526 2777 625 2846 rogatu
636 2779 756 2828 conatus
776 2775 829 2838 est,
843 2769 1143 2844 renuntiationemque

272 2870 343 2945 ejus,
356 2889 428 2947 quae
442 2871 548 2929 eratin
562 2870 694 2944 publicas
707 2869 817 2927 litteras
831 2870 921 2926 reluta
933 2867 1054 2926 illorum
1074 2866 1144 2942 legi·

273 2970 334 3038 bus,
346 2972 408 3030 tolli
412 2973 553 3045 jusserat:
568 2970 680 3028 idcireo
693 2975 722 3027 te
735 2988 772 3026 ex
786 2969 842 3026 hoc
856 2968 979 3026 erimine
998 2965 1021 3000 π
1034 2969 1143 3042 elapsu·

220 3063 262 3123 35
273 3088 335 3128 rurrr
348 3088 411 3127 esse
425 3066 619 3127 arbitrabare?
654 3069 778 3126 Multum
797 3072 826 3123 te
847 3067 902 3122 ista
915 3066 1022 3123 ieiellit
1034 3065 1142 3140 opinio,

272 3168 432 3242 etquidem
446 3168 542 3224 multis
560 3165 590 3222 irr
605 3167 688 3223 loeis.
730 3167 851 3238 Semper
864 3164 942 3221 enim
956 3163 1142 3231 existimasti,

272 3271 302 3323 et
316 3266 442 3322 maxime
454 3266 485 3321 in
495 3264 687 3329 Sieilia,satis
698 3269 815 3322 cautum
825 3262 880 3320 tibi
892 3263 930 3319 ad
942 3262 1142 3319 defensionem

271 3366 341 3432 iore,
351 3363 377 3420 si
391 3368 438 3420 aut
453 3361 552 3419 referri
566 3361 673 3435 aliquid
686 3363 715 3419 in
726 3363 838 3419 litteras
848 3360 979 3434 publioas
990 3359 1143 3427 vetuisses,

271 3470 330 3534 aut,
344 3464 418 3540 quod
443 3463 564 3519 relatum
588 3466 674 3529 esset,
694 3460 757 3518 tolli
779 3459 935 3534 oodgisses.
978 3459 1048 3516 Hoo
1062 3473 1145 3534 quam

300 3620 325 3654 ⁷⁷
339 3625 359 3667 te
369 3619 496 3675 elapsurum
510 3615 665 3675 arbitrabare]
697 3612 734 3660 Sic
743 3613 798 3660 olim
808 3612 962 3672 corrigendum
972 3625 1025 3660 erse
1033 3611 1148 3670 selmum

271 3680 369 3736 snam
384 3675 519 3724 arbitrabere
528 3674 612 3735 putavi,
624 3677 648 3718 ut
659 3672 725 3718 estin
735 3673 777 3718 fine
787 3685 807 3717 c.
817 3675 853 3718 ω.
864 3675 889 3716 et
897 3670 1015 3731 sequentis
1026 3671 1148 3732 postulant.

269 3738 324 3785 Non
333 3741 391 3787 enirn
402 3740 516 3784 sermoest
532 3735 561 3779 de
577 3729 695 3794 praesenti.
711 3731 788 3776 redde
799 3729 920 3791 praeterita
936 3743 977 3790 spe
994 3733 1021 3776 et
1038 3729 1150 3792 opinione.

268 3797 343 3856 Nune,
353 3799 406 3863 quin
413 3793 549 3842 arbitrabor
559 3797 593 3840 est
602 3790 625 3838 in
635 3790 684 3838 Ms·
692 3789 736 3838 (lu.
747 3788 779 3838 sic
787 3788 858 3837 etism
866 3785 933 3836 edidi
