<?xml version="1.0" encoding="UTF-8"?>
<!DOCTYPE html PUBLIC "-//W3C//DTD XHTML 1.0 Transitional//EN"
    "http://www.w3.org/TR/xhtml1/DTD/xhtml1-transitional.dtd">
<html xmlns="http://www.w3.org/1999/xhtml" xml:lang="en" lang="en">
 <head>
  <title>
</title>
<meta http-equiv="Content-Type" content="text/html;charset=utf-8" />
  <meta name='ocr-system' content='tesseract 3.04.00' />
  <meta name='ocr-capabilities' content='ocr_page ocr_carea ocr_par ocr_line ocrx_word'/>
</head>
<body>
  <div class='ocr_page' id='page_1' title='image "./mtvlliiciceroni04cicegoog_0151.png"; bbox 0 0 2700 4675; ppageno 0'>
   <div class='ocr_carea' id='block_1_1' title="bbox 440 569 1094 638">
    <p class='ocr_par' dir='ltr' id='par_1_1' title="bbox 440 569 1094 638">
     <span class='ocr_line' id='line_1_1' title="bbox 440 569 1094 638; baseline 0.006 -15"><span class='ocrx_word' id='word_1_1' title='bbox 440 572 505 624; x_wconf 69' lang='lat' dir='ltr'><strong>bno</strong></span> <span class='ocrx_word' id='word_1_2' title='bbox 519 569 549 627; x_wconf 71' lang='lat' dir='ltr'><strong>Q.</strong></span> <span class='ocrx_word' id='word_1_3' title='bbox 564 570 680 626; x_wconf 70' lang='lat' dir='ltr'><strong>cosmo</strong></span> <span class='ocrx_word' id='word_1_4' title='bbox 693 571 862 624; x_wconf 72' lang='lat' dir='ltr'><strong>COMOEDO.</strong></span> <span class='ocrx_word' id='word_1_5' title='bbox 1030 577 1094 638; x_wconf 79' lang='lat' dir='ltr'><em>m</em></span> 
     </span>
    </p>
   </div>
   <div class='ocr_carea' id='block_1_2' title="bbox 222 718 1104 801">
    <p class='ocr_par' dir='ltr' id='par_1_2' title="bbox 222 718 1104 801">
     <span class='ocr_line' id='line_1_2' title="bbox 222 718 1104 801; baseline -0.035 -18"><span class='ocrx_word' id='word_1_6' title='bbox 222 718 467 801; x_wconf 87' lang='lat' dir='ltr'><strong>(audacterdico)</strong></span> <span class='ocrx_word' id='word_1_7' title='bbox 480 725 544 797; x_wconf 89' lang='lat' dir='ltr'><strong>plus</strong></span> <span class='ocrx_word' id='word_1_8' title='bbox 557 722 635 790; x_wconf 88' lang='lat' dir='ltr'><strong>fidei,</strong></span> <span class='ocrx_word' id='word_1_9' title='bbox 647 739 734 797; x_wconf 90' lang='lat' dir='ltr'><strong>quam</strong></span> <span class='ocrx_word' id='word_1_10' title='bbox 760 721 839 787; x_wconf 81' lang='lat' dir='ltr'><strong>artis,</strong></span> <span class='ocrx_word' id='word_1_11' title='bbox 864 718 930 792; x_wconf 60' lang='lat' dir='ltr'><strong>plu,</strong></span> <span class='ocrx_word' id='word_1_12' title='bbox 955 718 1104 788; x_wconf 33' lang='lat' dir='ltr'><strong>verimi</strong></span> 
     </span>
    </p>
   </div>
   <div class='ocr_carea' id='block_1_3' title="bbox 184 818 1139 3843">
    <p class='ocr_par' dir='ltr' id='par_1_3' title="bbox 187 818 1139 2970">
     <span class='ocr_line' id='line_1_3' title="bbox 224 818 1099 901; baseline -0.007 -22"><span class='ocrx_word' id='word_1_13' title='bbox 224 838 314 901; x_wconf 88' lang='lat' dir='ltr'><strong>quam</strong></span> <span class='ocrx_word' id='word_1_14' title='bbox 323 819 497 892; x_wconf 89' lang='lat' dir='ltr'><strong>disciplinae</strong></span> <span class='ocrx_word' id='word_1_15' title='bbox 504 822 634 894; x_wconf 87' lang='lat' dir='ltr'><strong>possidet</strong></span> <span class='ocrx_word' id='word_1_16' title='bbox 644 821 677 878; x_wconf 90' lang='lat' dir='ltr'><strong>ia</strong></span> <span class='ocrx_word' id='word_1_17' title='bbox 691 838 739 876; x_wconf 84' lang='lat' dir='ltr'><strong>se:</strong></span> <span class='ocrx_word' id='word_1_18' title='bbox 760 836 846 892; x_wconf 92' lang='lat' dir='ltr'><strong>quem</strong></span> <span class='ocrx_word' id='word_1_19' title='bbox 858 818 980 890; x_wconf 90' lang='lat' dir='ltr'><strong>populus</strong></span> <span class='ocrx_word' id='word_1_20' title='bbox 993 818 1099 874; x_wconf 88' lang='lat' dir='ltr'><strong>Roma·</strong></span> 
     </span>
     <span class='ocr_line' id='line_1_4' title="bbox 187 914 1101 1000; baseline -0.007 -23"><span class='ocrx_word' id='word_1_21' title='bbox 187 995 190 1000; x_wconf 31' lang='lat'><strong>,</strong></span> <span class='ocrx_word' id='word_1_22' title='bbox 225 938 283 995; x_wconf 91' lang='lat' dir='ltr'><strong>nus</strong></span> <span class='ocrx_word' id='word_1_23' title='bbox 297 917 661 992; x_wconf 65' lang='lat' dir='ltr'><strong>melioremivirumquam</strong></span> <span class='ocrx_word' id='word_1_24' title='bbox 673 916 844 974; x_wconf 87' lang='lat' dir='ltr'><strong>histrionem</strong></span> <span class='ocrx_word' id='word_1_25' title='bbox 851 932 915 973; x_wconf 90' lang='lat' dir='ltr'><strong>esse</strong></span> <span class='ocrx_word' id='word_1_26' title='bbox 928 914 1101 972; x_wconf 74' lang='lat' dir='ltr'><strong>arbitraturs</strong></span> 
     </span>
     <span class='ocr_line' id='line_1_5' title="bbox 226 1013 1104 1094; baseline -0.005 -20"><span class='ocrx_word' id='word_1_27' title='bbox 226 1017 279 1094; x_wconf 92' lang='lat' dir='ltr'><strong>qui</strong></span> <span class='ocrx_word' id='word_1_28' title='bbox 291 1016 334 1074; x_wconf 89' lang='lat' dir='ltr'><strong>ita</strong></span> <span class='ocrx_word' id='word_1_29' title='bbox 355 1015 541 1090; x_wconf 81' lang='lat' dir='ltr'><strong>dignissimus</strong></span> <span class='ocrx_word' id='word_1_30' title='bbox 564 1021 609 1073; x_wconf 92' lang='lat' dir='ltr'><strong>est</strong></span> <span class='ocrx_word' id='word_1_31' title='bbox 632 1032 721 1074; x_wconf 88' lang='lat' dir='ltr'><strong>scena</strong></span> <span class='ocrx_word' id='word_1_32' title='bbox 744 1020 860 1089; x_wconf 84' lang='lat' dir='ltr'><strong>propter</strong></span> <span class='ocrx_word' id='word_1_33' title='bbox 882 1013 1044 1081; x_wconf 86' lang='lat' dir='ltr'><strong>artificium,</strong></span> <span class='ocrx_word' id='word_1_34' title='bbox 1066 1017 1104 1071; x_wconf 90' lang='lat' dir='ltr'><strong>ut-</strong></span> 
     </span>
     <span class='ocr_line' id='line_1_6' title="bbox 227 1093 1100 1197; baseline 0 -26"><span class='ocrx_word' id='word_1_35' title='bbox 227 1093 416 1197; x_wconf 80' lang='lat' dir='ltr'><strong>diguissimus</strong></span> <span class='ocrx_word' id='word_1_36' title='bbox 429 1114 468 1171; x_wconf 89' lang='lat' dir='ltr'><strong>sit</strong></span> <span class='ocrx_word' id='word_1_37' title='bbox 481 1114 561 1171; x_wconf 87' lang='lat' dir='ltr'><strong>curia</strong></span> <span class='ocrx_word' id='word_1_38' title='bbox 574 1119 691 1188; x_wconf 83' lang='lat' dir='ltr'><strong>propter</strong></span> <span class='ocrx_word' id='word_1_39' title='bbox 702 1113 918 1174; x_wconf 69' lang='lat' dir='ltr'><strong>abstinentiam</strong></span> <span class='ocrx_word' id='word_1_40' title='bbox 957 1114 1017 1171; x_wconf 88' lang='lat' dir='ltr'><strong>Sed</strong></span> <span class='ocrx_word' id='word_1_41' title='bbox 1030 1111 1100 1189; x_wconf 87' lang='lat' dir='ltr'><strong>quid</strong></span> 
     </span>
     <span class='ocr_line' id='line_1_7' title="bbox 227 1209 1101 1288; baseline -0.002 -17"><span class='ocrx_word' id='word_1_42' title='bbox 227 1230 287 1288; x_wconf 80' lang='lat' dir='ltr'><strong>ego</strong></span> <span class='ocrx_word' id='word_1_43' title='bbox 300 1211 414 1286; x_wconf 89' lang='lat' dir='ltr'><strong>ineptus</strong></span> <span class='ocrx_word' id='word_1_44' title='bbox 427 1214 464 1269; x_wconf 93' lang='lat' dir='ltr'><strong>de</strong></span> <span class='ocrx_word' id='word_1_45' title='bbox 478 1212 586 1270; x_wconf 83' lang='lat' dir='ltr'><strong>Roscio</strong></span> <span class='ocrx_word' id='word_1_46' title='bbox 604 1214 679 1287; x_wconf 91' lang='lat' dir='ltr'><strong>apud</strong></span> <span class='ocrx_word' id='word_1_47' title='bbox 701 1213 840 1272; x_wconf 77' lang='lat' dir='ltr'><strong>Pisonem</strong></span> <span class='ocrx_word' id='word_1_48' title='bbox 860 1209 948 1271; x_wconf 82' lang='lat' dir='ltr'><strong>dico?</strong></span> <span class='ocrx_word' id='word_1_49' title='bbox 967 1212 1101 1287; x_wconf 75' lang='lat' dir='ltr'><strong>ignotum</strong></span> 
     </span>
     <span class='ocr_line' id='line_1_8' title="bbox 214 1311 1100 1385; baseline -0.002 -15"><span class='ocrx_word' id='word_1_50' title='bbox 214 1311 379 1371; x_wconf 65' lang='lat' dir='ltr'><strong>‘homiuem</strong></span> <span class='ocrx_word' id='word_1_51' title='bbox 398 1311 512 1369; x_wconf 86' lang='lat' dir='ltr'><strong>scilicet</strong></span> <span class='ocrx_word' id='word_1_52' title='bbox 536 1311 662 1385; x_wconf 86' lang='lat' dir='ltr'><strong>pluribus</strong></span> <span class='ocrx_word' id='word_1_53' title='bbox 690 1312 788 1369; x_wconf 86' lang='lat' dir='ltr'><strong>verbis</strong></span> <span class='ocrx_word' id='word_1_54' title='bbox 813 1312 996 1369; x_wconf 87' lang='lat' dir='ltr'><strong>commendo.</strong></span> <span class='ocrx_word' id='word_1_55' title='bbox 1016 1314 1100 1370; x_wconf 89' lang='lat' dir='ltr'><strong>estne</strong></span> 
     </span>
     <span class='ocr_line' id='line_1_9' title="bbox 224 1409 1102 1487; baseline -0.005 -18"><span class='ocrx_word' id='word_1_56' title='bbox 224 1410 380 1487; x_wconf 66' lang='lat' dir='ltr'><strong>,quisquam</strong></span> <span class='ocrx_word' id='word_1_57' title='bbox 391 1411 521 1469; x_wconf 88' lang='lat' dir='ltr'><strong>omnium</strong></span> <span class='ocrx_word' id='word_1_58' title='bbox 540 1410 714 1481; x_wconf 70' lang='lat' dir='ltr'><strong>mortalium,</strong></span> <span class='ocrx_word' id='word_1_59' title='bbox 735 1412 773 1468; x_wconf 92' lang='lat' dir='ltr'><strong>de</strong></span> <span class='ocrx_word' id='word_1_60' title='bbox 796 1428 853 1484; x_wconf 89' lang='lat' dir='ltr'><strong>quo</strong></span> <span class='ocrx_word' id='word_1_61' title='bbox 876 1410 981 1466; x_wconf 86' lang='lat' dir='ltr'><strong>melius</strong></span> <span class='ocrx_word' id='word_1_62' title='bbox 1002 1409 1102 1466; x_wconf 81' lang='lat' dir='ltr'><strong>existi-</strong></span> 
     </span>
     <span class='ocr_line' id='line_1_10' title="bbox 227 1506 1102 1584; baseline -0.005 -15"><span class='ocrx_word' id='word_1_63' title='bbox 227 1527 292 1569; x_wconf 89' lang='lat' dir='ltr'><strong>mes</strong></span> <span class='ocrx_word' id='word_1_64' title='bbox 304 1507 357 1568; x_wconf 83' lang='lat' dir='ltr'><strong>tu?</strong></span> <span class='ocrx_word' id='word_1_65' title='bbox 377 1515 460 1568; x_wconf 91' lang='lat' dir='ltr'><strong>estue</strong></span> <span class='ocrx_word' id='word_1_66' title='bbox 473 1508 632 1584; x_wconf 88' lang='lat' dir='ltr'><strong>quisquam,</strong></span> <span class='ocrx_word' id='word_1_67' title='bbox 646 1509 696 1583; x_wconf 91' lang='lat' dir='ltr'><strong>qui</strong></span> <span class='ocrx_word' id='word_1_68' title='bbox 720 1508 774 1566; x_wconf 92' lang='lat' dir='ltr'><strong>tibi</strong></span> <span class='ocrx_word' id='word_1_69' title='bbox 797 1508 902 1582; x_wconf 87' lang='lat' dir='ltr'><strong>purior,</strong></span> <span class='ocrx_word' id='word_1_70' title='bbox 926 1506 1102 1582; x_wconf 81' lang='lat' dir='ltr'><strong>prudentior,</strong></span> 
     </span>
     <span class='ocr_line' id='line_1_11' title="bbox 226 1604 1102 1683; baseline 0 -18"><span class='ocrx_word' id='word_1_71' title='bbox 226 1608 390 1682; x_wconf 74' lang='lat' dir='ltr'><strong>humanior,</strong></span> <span class='ocrx_word' id='word_1_72' title='bbox 407 1607 574 1676; x_wconf 86' lang='lat' dir='ltr'><strong>officiosior,</strong></span> <span class='ocrx_word' id='word_1_73' title='bbox 584 1607 785 1683; x_wconf 86' lang='lat' dir='ltr'><strong>liberaliorque</strong></span> <span class='ocrx_word' id='word_1_74' title='bbox 796 1604 950 1666; x_wconf 81' lang='lat' dir='ltr'><strong>videatur?</strong></span> <span class='ocrx_word' id='word_1_75' title='bbox 970 1606 1049 1679; x_wconf 79' lang='lat' dir='ltr'><strong>Quid</strong></span> <span class='ocrx_word' id='word_1_76' title='bbox 1060 1612 1102 1676; x_wconf 86' lang='lat' dir='ltr'><strong>tu,</strong></span> 
     </span>
     <span class='ocr_line' id='line_1_12' title="bbox 229 1703 1101 1781; baseline -0.002 -15"><span class='ocrx_word' id='word_1_77' title='bbox 229 1707 338 1774; x_wconf 83' lang='lat' dir='ltr'><strong>Saturi,</strong></span> <span class='ocrx_word' id='word_1_78' title='bbox 351 1706 400 1781; x_wconf 93' lang='lat' dir='ltr'><strong>qui</strong></span> <span class='ocrx_word' id='word_1_79' title='bbox 413 1712 515 1765; x_wconf 86' lang='lat' dir='ltr'><strong>contra</strong></span> <span class='ocrx_word' id='word_1_80' title='bbox 528 1708 605 1765; x_wconf 87' lang='lat' dir='ltr'><strong>bunc</strong></span> <span class='ocrx_word' id='word_1_81' title='bbox 618 1705 714 1774; x_wconf 88' lang='lat' dir='ltr'><strong>venis,</strong></span> <span class='ocrx_word' id='word_1_82' title='bbox 727 1706 878 1764; x_wconf 82' lang='lat' dir='ltr'><strong>existimas</strong></span> <span class='ocrx_word' id='word_1_83' title='bbox 898 1703 1005 1765; x_wconf 82' lang='lat' dir='ltr'><strong>aliter?</strong></span> <span class='ocrx_word' id='word_1_84' title='bbox 1029 1724 1101 1764; x_wconf 92' lang='lat' dir='ltr'><strong>uon·</strong></span> 
     </span>
     <span class='ocr_line' id='line_1_13' title="bbox 228 1804 1103 1884; baseline 0 -21"><span class='ocrx_word' id='word_1_85' title='bbox 228 1822 271 1863; x_wconf 90' lang='lat' dir='ltr'><strong>ue</strong></span> <span class='ocrx_word' id='word_1_86' title='bbox 285 1804 509 1884; x_wconf 78' lang='lat' dir='ltr'><strong>quotiescunque</strong></span> <span class='ocrx_word' id='word_1_87' title='bbox 522 1806 555 1863; x_wconf 92' lang='lat' dir='ltr'><strong>in</strong></span> <span class='ocrx_word' id='word_1_88' title='bbox 568 1822 656 1863; x_wconf 85' lang='lat' dir='ltr'><strong>causa</strong></span> <span class='ocrx_word' id='word_1_89' title='bbox 669 1805 702 1862; x_wconf 92' lang='lat' dir='ltr'><strong>in</strong></span> <span class='ocrx_word' id='word_1_90' title='bbox 724 1823 831 1863; x_wconf 91' lang='lat' dir='ltr'><strong>nomen</strong></span> <span class='ocrx_word' id='word_1_91' title='bbox 853 1806 939 1880; x_wconf 87' lang='lat' dir='ltr'><strong>hujus</strong></span> <span class='ocrx_word' id='word_1_92' title='bbox 961 1805 1103 1874; x_wconf 77' lang='lat' dir='ltr'><strong>incidisti,</strong></span> 
     </span>
     <span class='ocr_line' id='line_1_14' title="bbox 230 1883 1104 1970; baseline -0.001 -10"><span class='ocrx_word' id='word_1_93' title='bbox 230 1883 321 1961; x_wconf 82' lang='lat' dir='ltr'><strong>toties</strong></span> <span class='ocrx_word' id='word_1_94' title='bbox 334 1903 412 1960; x_wconf 91' lang='lat' dir='ltr'><strong>buno</strong></span> <span class='ocrx_word' id='word_1_95' title='bbox 426 1908 456 1959; x_wconf 89' lang='lat' dir='ltr'><strong>et</strong></span> <span class='ocrx_word' id='word_1_96' title='bbox 480 1904 574 1959; x_wconf 88' lang='lat' dir='ltr'><strong>virum</strong></span> <span class='ocrx_word' id='word_1_97' title='bbox 586 1904 696 1959; x_wconf 91' lang='lat' dir='ltr'><strong>bonum</strong></span> <span class='ocrx_word' id='word_1_98' title='bbox 716 1920 780 1960; x_wconf 87' lang='lat' dir='ltr'><strong>esse</strong></span> <span class='ocrx_word' id='word_1_99' title='bbox 798 1902 911 1970; x_wconf 80' lang='lat' dir='ltr'><strong>dixisti,</strong></span> <span class='ocrx_word' id='word_1_100' title='bbox 932 1908 963 1960; x_wconf 89' lang='lat' dir='ltr'><strong>et</strong></span> <span class='ocrx_word' id='word_1_101' title='bbox 984 1903 1104 1960; x_wconf 83' lang='lat' dir='ltr'><strong>honoris</strong></span> 
     </span>
     <span class='ocr_line' id='line_1_15' title="bbox 233 1995 1106 2073; baseline -0.002 -14"><span class='ocrx_word' id='word_1_102' title='bbox 233 2017 326 2059; x_wconf 86' lang='lat' dir='ltr'><strong>causa</strong></span> <span class='ocrx_word' id='word_1_103' title='bbox 338 1995 517 2073; x_wconf 73' lang='lat' dir='ltr'><strong>appellasti?</strong></span> <span class='ocrx_word' id='word_1_104' title='bbox 537 2000 613 2073; x_wconf 87' lang='lat' dir='ltr'><strong>quod</strong></span> <span class='ocrx_word' id='word_1_105' title='bbox 636 2016 725 2056; x_wconf 87' lang='lat' dir='ltr'><strong>nemo</strong></span> <span class='ocrx_word' id='word_1_106' title='bbox 746 1999 804 2056; x_wconf 84' lang='lat' dir='ltr'><strong>nisi</strong></span> <span class='ocrx_word' id='word_1_107' title='bbox 827 2004 877 2056; x_wconf 90' lang='lat' dir='ltr'><strong>aut</strong></span> <span class='ocrx_word' id='word_1_108' title='bbox 902 2000 1106 2057; x_wconf 84' lang='lat' dir='ltr'><strong>honestissimo</strong></span> 
     </span>
     <span class='ocr_line' id='line_1_16' title="bbox 234 2095 1106 2170; baseline -0.001 -13"><span class='ocrx_word' id='word_1_109' title='bbox 234 2095 479 2157; x_wconf 85' lang='lat' dir='ltr'><strong>autamicissimo</strong></span> <span class='ocrx_word' id='word_1_110' title='bbox 503 2095 599 2153; x_wconf 84' lang='lat' dir='ltr'><strong>iacere</strong></span> <span class='ocrx_word' id='word_1_111' title='bbox 620 2097 784 2165; x_wconf 86' lang='lat' dir='ltr'><strong>consuevit.</strong></span> <span class='ocrx_word' id='word_1_112' title='bbox 826 2097 892 2170; x_wconf 80' lang='lat' dir='ltr'><strong>Qua</strong></span> <span class='ocrx_word' id='word_1_113' title='bbox 916 2097 949 2155; x_wconf 92' lang='lat' dir='ltr'><strong>in</strong></span> <span class='ocrx_word' id='word_1_114' title='bbox 975 2116 1007 2155; x_wconf 91' lang='lat' dir='ltr'><strong>re</strong></span> <span class='ocrx_word' id='word_1_115' title='bbox 1033 2098 1106 2156; x_wconf 91' lang='lat' dir='ltr'><strong>mibi</strong></span> 
     </span>
     <span class='ocr_line' id='line_1_17' title="bbox 234 2195 1106 2272; baseline -0.002 -15"><span class='ocrx_word' id='word_1_116' title='bbox 234 2197 360 2258; x_wconf 85' lang='lat' dir='ltr'><strong>ridicule</strong></span> <span class='ocrx_word' id='word_1_117' title='bbox 388 2214 420 2253; x_wconf 88' lang='lat' dir='ltr'><strong>es</strong></span> <span class='ocrx_word' id='word_1_118' title='bbox 446 2195 526 2253; x_wconf 88' lang='lat' dir='ltr'><strong>visus</strong></span> <span class='ocrx_word' id='word_1_119' title='bbox 553 2214 617 2253; x_wconf 86' lang='lat' dir='ltr'><strong>esse</strong></span> <span class='ocrx_word' id='word_1_120' title='bbox 644 2195 822 2265; x_wconf 78' lang='lat' dir='ltr'><strong>inconstans,</strong></span> <span class='ocrx_word' id='word_1_121' title='bbox 848 2196 898 2272; x_wconf 89' lang='lat' dir='ltr'><strong>qui</strong></span> <span class='ocrx_word' id='word_1_122' title='bbox 923 2198 1047 2256; x_wconf 87' lang='lat' dir='ltr'><strong>eundem</strong></span> <span class='ocrx_word' id='word_1_123' title='bbox 1073 2202 1106 2255; x_wconf 90' lang='lat' dir='ltr'><strong>et</strong></span> 
     </span>
     <span class='ocr_line' id='line_1_18' title="bbox 234 2295 1105 2371; baseline -0.003 -13"><span class='ocrx_word' id='word_1_124' title='bbox 234 2299 366 2369; x_wconf 83' lang='lat' dir='ltr'><strong>laederes</strong></span> <span class='ocrx_word' id='word_1_125' title='bbox 380 2300 410 2355; x_wconf 90' lang='lat' dir='ltr'><strong>et</strong></span> <span class='ocrx_word' id='word_1_126' title='bbox 423 2296 571 2355; x_wconf 82' lang='lat' dir='ltr'><strong>laudares:</strong></span> <span class='ocrx_word' id='word_1_127' title='bbox 592 2301 624 2355; x_wconf 87' lang='lat' dir='ltr'><strong>et</strong></span> <span class='ocrx_word' id='word_1_128' title='bbox 637 2295 732 2354; x_wconf 87' lang='lat' dir='ltr'><strong>virum</strong></span> <span class='ocrx_word' id='word_1_129' title='bbox 743 2295 894 2371; x_wconf 85' lang='lat' dir='ltr'><strong>optimum,</strong></span> <span class='ocrx_word' id='word_1_130' title='bbox 906 2300 937 2355; x_wconf 90' lang='lat' dir='ltr'><strong>et</strong></span> <span class='ocrx_word' id='word_1_131' title='bbox 956 2296 1105 2355; x_wconf 89' lang='lat' dir='ltr'><strong>homiuem</strong></span> 
     </span>
     <span class='ocr_line' id='line_1_19' title="bbox 235 2395 1108 2472; baseline -0.003 -17"><span class='ocrx_word' id='word_1_132' title='bbox 235 2395 481 2472; x_wconf 84' lang='lat' dir='ltr'><strong>improbissimum</strong></span> <span class='ocrx_word' id='word_1_133' title='bbox 493 2413 557 2453; x_wconf 83' lang='lat' dir='ltr'><strong>esse</strong></span> <span class='ocrx_word' id='word_1_134' title='bbox 583 2395 707 2453; x_wconf 85' lang='lat' dir='ltr'><strong>diceres.</strong></span> <span class='ocrx_word' id='word_1_135' title='bbox 727 2397 861 2453; x_wconf 81' lang='lat' dir='ltr'><strong>eundem·</strong></span> <span class='ocrx_word' id='word_1_136' title='bbox 874 2400 908 2451; x_wconf 91' lang='lat' dir='ltr'><strong>tu</strong></span> <span class='ocrx_word' id='word_1_137' title='bbox 933 2400 964 2451; x_wconf 88' lang='lat' dir='ltr'><strong>et</strong></span> <span class='ocrx_word' id='word_1_138' title='bbox 989 2395 1108 2452; x_wconf 77' lang='lat' dir='ltr'><strong>bonoria</strong></span> 
     </span>
     <span class='ocr_line' id='line_1_20' title="bbox 235 2474 1109 2569; baseline -0.008 -15"><span class='ocrx_word' id='word_1_139' title='bbox 235 2474 328 2569; x_wconf 76' lang='lat' dir='ltr'><strong>causa</strong></span> <span class='ocrx_word' id='word_1_140' title='bbox 339 2495 515 2569; x_wconf 80' lang='lat' dir='ltr'><strong>appellabas,</strong></span> <span class='ocrx_word' id='word_1_141' title='bbox 528 2498 560 2549; x_wconf 90' lang='lat' dir='ltr'><strong>et</strong></span> <span class='ocrx_word' id='word_1_142' title='bbox 572 2493 669 2549; x_wconf 87' lang='lat' dir='ltr'><strong>virum</strong></span> <span class='ocrx_word' id='word_1_143' title='bbox 681 2491 848 2565; x_wconf 86' lang='lat' dir='ltr'><strong>primarium</strong></span> <span class='ocrx_word' id='word_1_144' title='bbox 861 2508 926 2548; x_wconf 88' lang='lat' dir='ltr'><strong>esse</strong></span> <span class='ocrx_word' id='word_1_145' title='bbox 939 2491 1067 2559; x_wconf 88' lang='lat' dir='ltr'><strong>dicebas,</strong></span> <span class='ocrx_word' id='word_1_146' title='bbox 1077 2495 1109 2548; x_wconf 90' lang='lat' dir='ltr'><strong>et</strong></span> 
     </span>
     <span class='ocr_line' id='line_1_21' title="bbox 236 2588 1110 2663; baseline -0.003 -12"><span class='ocrx_word' id='word_1_147' title='bbox 236 2593 353 2652; x_wconf 86' lang='lat' dir='ltr'><strong>socium</strong></span> <span class='ocrx_word' id='word_1_148' title='bbox 364 2591 510 2649; x_wconf 71' lang='lat' dir='ltr'><strong>baudana</strong></span> <span class='ocrx_word' id='word_1_149' title='bbox 531 2590 681 2663; x_wconf 85' lang='lat' dir='ltr'><strong>arguebas.</strong></span> <span class='ocrx_word' id='word_1_150' title='bbox 722 2589 791 2656; x_wconf 84' lang='lat' dir='ltr'><strong>Sed,</strong></span> <span class='ocrx_word' id='word_1_151' title='bbox 804 2593 837 2646; x_wconf 88' lang='lat' dir='ltr'><strong>ut</strong></span> <span class='ocrx_word' id='word_1_152' title='bbox 860 2588 971 2662; x_wconf 86' lang='lat' dir='ltr'><strong>opinor,</strong></span> <span class='ocrx_word' id='word_1_153' title='bbox 994 2591 1110 2648; x_wconf 86' lang='lat' dir='ltr'><strong>laudem</strong></span> 
     </span>
     <span class='ocr_line' id='line_1_22' title="bbox 241 2671 1110 2761; baseline 0 -12"><span class='ocrx_word' id='word_1_154' title='bbox 241 2671 363 2750; x_wconf 77' lang='lat' dir='ltr'><strong>veritati</strong></span> <span class='ocrx_word' id='word_1_155' title='bbox 375 2688 528 2756; x_wconf 88' lang='lat' dir='ltr'><strong>tribuebas,</strong></span> <span class='ocrx_word' id='word_1_156' title='bbox 540 2686 653 2744; x_wconf 88' lang='lat' dir='ltr'><strong>crimen</strong></span> <span class='ocrx_word' id='word_1_157' title='bbox 665 2687 775 2761; x_wconf 78' lang='lat' dir='ltr'><strong>gratiae</strong></span> <span class='ocrx_word' id='word_1_158' title='bbox 784 2689 982 2747; x_wconf 84' lang='lat' dir='ltr'><strong>concedebas:</strong></span> <span class='ocrx_word' id='word_1_159' title='bbox 995 2690 1110 2758; x_wconf 88' lang='lat' dir='ltr'><strong>deboc,</strong></span> 
     </span>
     <span class='ocr_line' id='line_1_23' title="bbox 240 2785 1109 2858; baseline -0.001 -11"><span class='ocrx_word' id='word_1_160' title='bbox 240 2794 285 2851; x_wconf 89' lang='lat' dir='ltr'><strong>ut·</strong></span> <span class='ocrx_word' id='word_1_161' title='bbox 316 2786 513 2854; x_wconf 84' lang='lat' dir='ltr'><strong>existimabas,</strong></span> <span class='ocrx_word' id='word_1_162' title='bbox 545 2785 757 2858; x_wconf 78' lang='lat' dir='ltr'><strong>praedicabas:</strong></span> <span class='ocrx_word' id='word_1_163' title='bbox 795 2786 943 2846; x_wconf 82' lang='lat' dir='ltr'><strong>Chaereae</strong></span> <span class='ocrx_word' id='word_1_164' title='bbox 972 2788 1109 2847; x_wconf 85' lang='lat' dir='ltr'><strong>arbitratu</strong></span> 
     </span>
     <span class='ocr_line' id='line_1_24' title="bbox 240 2883 1139 2970; baseline -0.003 -23"><span class='ocrx_word' id='word_1_165' title='bbox 240 2903 359 2948; x_wconf 71' lang='lat' dir='ltr'><strong>oaumm</strong></span> <span class='ocrx_word' id='word_1_166' title='bbox 369 2886 484 2960; x_wconf 85' lang='lat' dir='ltr'><strong>agebas.</strong></span> <span class='ocrx_word' id='word_1_167' title='bbox 526 2883 830 2942; x_wconf 81' lang='lat' dir='ltr'><strong>Fraudavitiloscius.</strong></span> <span class='ocrx_word' id='word_1_168' title='bbox 859 2884 913 2943; x_wconf 86' lang='lat' dir='ltr'><strong>Est</strong></span> <span class='ocrx_word' id='word_1_169' title='bbox 926 2885 1139 2970; x_wconf 73' lang='lat' dir='ltr'><strong>hocquidem7</strong></span> 
     </span>
    </p>

    <p class='ocr_par' dir='ltr' id='par_1_4' title="bbox 184 2982 1114 3843">
     <span class='ocr_line' id='line_1_25' title="bbox 241 2982 1110 3058; baseline -0.001 -13"><span class='ocrx_word' id='word_1_170' title='bbox 241 2986 356 3046; x_wconf 85' lang='lat' dir='ltr'><strong>auribus</strong></span> <span class='ocrx_word' id='word_1_171' title='bbox 369 2983 529 3058; x_wconf 89' lang='lat' dir='ltr'><strong>animisque</strong></span> <span class='ocrx_word' id='word_1_172' title='bbox 543 2982 693 3041; x_wconf 87' lang='lat' dir='ltr'><strong>bominum</strong></span> <span class='ocrx_word' id='word_1_173' title='bbox 706 2982 869 3040; x_wconf 86' lang='lat' dir='ltr'><strong>absurdum.</strong></span> <span class='ocrx_word' id='word_1_174' title='bbox 910 2984 988 3057; x_wconf 76' lang='lat' dir='ltr'><strong>Quid</strong></span> <span class='ocrx_word' id='word_1_175' title='bbox 1001 2985 1027 3042; x_wconf 89' lang='lat' dir='ltr'><strong>si</strong></span> <span class='ocrx_word' id='word_1_176' title='bbox 1047 2991 1110 3044; x_wconf 90' lang='lat' dir='ltr'><strong>tan·</strong></span> 
     </span>
     <span class='ocr_line' id='line_1_26' title="bbox 241 3082 1110 3158; baseline 0 -14"><span class='ocrx_word' id='word_1_177' title='bbox 241 3087 311 3144; x_wconf 89' lang='lat' dir='ltr'><strong>dem</strong></span> <span class='ocrx_word' id='word_1_178' title='bbox 323 3084 449 3158; x_wconf 91' lang='lat' dir='ltr'><strong>aliquem</strong></span> <span class='ocrx_word' id='word_1_179' title='bbox 469 3082 611 3149; x_wconf 90' lang='lat' dir='ltr'><strong>timidum,</strong></span> <span class='ocrx_word' id='word_1_180' title='bbox 631 3083 807 3150; x_wconf 89' lang='lat' dir='ltr'><strong>dementem,</strong></span> <span class='ocrx_word' id='word_1_181' title='bbox 830 3082 963 3152; x_wconf 90' lang='lat' dir='ltr'><strong>divitem,</strong></span> <span class='ocrx_word' id='word_1_182' title='bbox 986 3084 1110 3144; x_wconf 83' lang='lat' dir='ltr'><strong>inertem</strong></span> 
     </span>
     <span class='ocr_line' id='line_1_27' title="bbox 243 3178 1111 3257; baseline 0 -15"><span class='ocrx_word' id='word_1_183' title='bbox 243 3188 346 3242; x_wconf 86' lang='lat' dir='ltr'><strong>nactus</strong></span> <span class='ocrx_word' id='word_1_184' title='bbox 359 3186 445 3251; x_wconf 90' lang='lat' dir='ltr'><strong>esset,</strong></span> <span class='ocrx_word' id='word_1_185' title='bbox 458 3181 507 3257; x_wconf 93' lang='lat' dir='ltr'><strong>qui</strong></span> <span class='ocrx_word' id='word_1_186' title='bbox 520 3180 647 3254; x_wconf 83' lang='lat' dir='ltr'><strong>experiri</strong></span> <span class='ocrx_word' id='word_1_187' title='bbox 659 3199 719 3239; x_wconf 92' lang='lat' dir='ltr'><strong>non</strong></span> <span class='ocrx_word' id='word_1_188' title='bbox 733 3186 831 3255; x_wconf 90' lang='lat' dir='ltr'><strong>posset</strong></span> <span class='ocrx_word' id='word_1_189' title='bbox 844 3178 856 3238; x_wconf 77' lang='lat' dir='ltr'><strong>t</strong></span> <span class='ocrx_word' id='word_1_190' title='bbox 875 3187 973 3241; x_wconf 90' lang='lat' dir='ltr'><strong>tamen</strong></span> <span class='ocrx_word' id='word_1_191' title='bbox 987 3184 1111 3242; x_wconf 88' lang='lat' dir='ltr'><strong>incredi-</strong></span> 
     </span>
     <span class='ocr_line' id='line_1_28' title="bbox 243 3279 1109 3353; baseline 0.005 -17"><span class='ocrx_word' id='word_1_192' title='bbox 243 3280 305 3351; x_wconf 83' lang='lat' dir='ltr'><strong>bile</strong></span> <span class='ocrx_word' id='word_1_193' title='bbox 326 3284 410 3336; x_wconf 86' lang='lat' dir='ltr'><strong>esset.</strong></span> <span class='ocrx_word' id='word_1_194' title='bbox 450 3279 669 3347; x_wconf 83' lang='lat' dir='ltr'><strong>Verumtamen,</strong></span> <span class='ocrx_word' id='word_1_195' title='bbox 683 3297 770 3353; x_wconf 91' lang='lat' dir='ltr'><strong>quem</strong></span> <span class='ocrx_word' id='word_1_196' title='bbox 783 3279 929 3349; x_wconf 79' lang='lat' dir='ltr'><strong>fraudarit,</strong></span> <span class='ocrx_word' id='word_1_197' title='bbox 949 3281 1109 3342; x_wconf 84' lang='lat' dir='ltr'><strong>videamus.</strong></span> 
     </span>
     <span class='ocr_line' id='line_1_29' title="bbox 246 3376 1111 3455; baseline 0.005 -20"><span class='ocrx_word' id='word_1_198' title='bbox 246 3380 285 3440; x_wconf 81' lang='lat' dir='ltr'><strong>c.</strong></span> <span class='ocrx_word' id='word_1_199' title='bbox 299 3376 446 3435; x_wconf 78' lang='lat' dir='ltr'><strong>Fannium</strong></span> <span class='ocrx_word' id='word_1_200' title='bbox 459 3377 620 3434; x_wconf 74' lang='lat' dir='ltr'><strong>chaeream</strong></span> <span class='ocrx_word' id='word_1_201' title='bbox 633 3377 757 3434; x_wconf 90' lang='lat' dir='ltr'><strong>Roscius</strong></span> <span class='ocrx_word' id='word_1_202' title='bbox 769 3377 922 3445; x_wconf 71' lang='lat' dir='ltr'><strong>fraudavit.</strong></span> <span class='ocrx_word' id='word_1_203' title='bbox 943 3380 1011 3449; x_wconf 83' lang='lat' dir='ltr'><strong>Oro,</strong></span> <span class='ocrx_word' id='word_1_204' title='bbox 1024 3387 1111 3455; x_wconf 89' lang='lat' dir='ltr'><strong>atque</strong></span> 
     </span>
     <span class='ocr_line' id='line_1_30' title="bbox 244 3474 1112 3553; baseline 0.001 -20"><span class='ocrx_word' id='word_1_205' title='bbox 244 3481 369 3550; x_wconf 85' lang='lat' dir='ltr'><strong>obsecro</strong></span> <span class='ocrx_word' id='word_1_206' title='bbox 389 3493 451 3543; x_wconf 89' lang='lat' dir='ltr'><strong>vos,</strong></span> <span class='ocrx_word' id='word_1_207' title='bbox 464 3476 513 3550; x_wconf 92' lang='lat' dir='ltr'><strong>qui</strong></span> <span class='ocrx_word' id='word_1_208' title='bbox 533 3475 634 3543; x_wconf 89' lang='lat' dir='ltr'><strong>nostis,</strong></span> <span class='ocrx_word' id='word_1_209' title='bbox 647 3475 740 3532; x_wconf 84' lang='lat' dir='ltr'><strong>vitam</strong></span> <span class='ocrx_word' id='word_1_210' title='bbox 753 3474 829 3532; x_wconf 86' lang='lat' dir='ltr'><strong>iuter</strong></span> <span class='ocrx_word' id='word_1_211' title='bbox 841 3493 872 3532; x_wconf 88' lang='lat' dir='ltr'><strong>se</strong></span> <span class='ocrx_word' id='word_1_212' title='bbox 886 3477 1029 3553; x_wconf 86' lang='lat' dir='ltr'><strong>utriusque</strong></span> <span class='ocrx_word' id='word_1_213' title='bbox 1043 3495 1112 3536; x_wconf 87' lang='lat' dir='ltr'><strong>cou-</strong></span> 
     </span>
     <span class='ocr_line' id='line_1_31' title="bbox 246 3572 1112 3650; baseline -0.008 -15"><span class='ocrx_word' id='word_1_214' title='bbox 246 3578 339 3636; x_wconf 82' lang='lat' dir='ltr'><strong>lerte:</strong></span> <span class='ocrx_word' id='word_1_215' title='bbox 359 3572 480 3648; x_wconf 89' lang='lat' dir='ltr'><strong>quinon</strong></span> <span class='ocrx_word' id='word_1_216' title='bbox 503 3573 604 3642; x_wconf 87' lang='lat' dir='ltr'><strong>nostis,</strong></span> <span class='ocrx_word' id='word_1_217' title='bbox 627 3572 734 3631; x_wconf 82' lang='lat' dir='ltr'><strong>taciem</strong></span> <span class='ocrx_word' id='word_1_218' title='bbox 754 3573 898 3650; x_wconf 78' lang='lat' dir='ltr'><strong>utrimque</strong></span> <span class='ocrx_word' id='word_1_219' title='bbox 918 3576 1112 3634; x_wconf 87' lang='lat' dir='ltr'><strong>considerate.</strong></span> 
     </span>
     <span class='ocr_line' id='line_1_32' title="bbox 184 3654 1113 3748; baseline -0.015 -10"><span class='ocrx_word' id='word_1_220' title='bbox 184 3688 187 3737; x_wconf 73' lang='lat' dir='ltr'><strong>l</strong></span> <span class='ocrx_word' id='word_1_221' title='bbox 246 3654 347 3736; x_wconf 82' lang='lat' dir='ltr'><strong>nonne</strong></span> <span class='ocrx_word' id='word_1_222' title='bbox 359 3673 453 3748; x_wconf 90' lang='lat' dir='ltr'><strong>ipsum</strong></span> <span class='ocrx_word' id='word_1_223' title='bbox 467 3676 562 3745; x_wconf 88' lang='lat' dir='ltr'><strong>caput,</strong></span> <span class='ocrx_word' id='word_1_224' title='bbox 576 3675 606 3728; x_wconf 93' lang='lat' dir='ltr'><strong>et</strong></span> <span class='ocrx_word' id='word_1_225' title='bbox 619 3671 773 3744; x_wconf 86' lang='lat' dir='ltr'><strong>supercilia</strong></span> <span class='ocrx_word' id='word_1_226' title='bbox 796 3671 847 3729; x_wconf 89' lang='lat' dir='ltr'><strong>illa</strong></span> <span class='ocrx_word' id='word_1_227' title='bbox 869 3673 984 3747; x_wconf 87' lang='lat' dir='ltr'><strong>penitus</strong></span> <span class='ocrx_word' id='word_1_228' title='bbox 1002 3674 1113 3736; x_wconf 87' lang='lat' dir='ltr'><strong>abrasa,</strong></span> 
     </span>
     <span class='ocr_line' id='line_1_33' title="bbox 244 3762 1114 3843; baseline -0.013 -8"><span class='ocrx_word' id='word_1_229' title='bbox 244 3778 326 3835; x_wconf 79' lang='lat' dir='ltr'><strong>olore</strong></span> <span class='ocrx_word' id='word_1_230' title='bbox 348 3770 500 3843; x_wconf 79' lang='lat' dir='ltr'><strong>malitiam,</strong></span> <span class='ocrx_word' id='word_1_231' title='bbox 523 3774 554 3828; x_wconf 92' lang='lat' dir='ltr'><strong>et</strong></span> <span class='ocrx_word' id='word_1_232' title='bbox 574 3769 723 3830; x_wconf 86' lang='lat' dir='ltr'><strong>clamitare</strong></span> <span class='ocrx_word' id='word_1_233' title='bbox 742 3771 934 3830; x_wconf 86' lang='lat' dir='ltr'><strong>calliditatem</strong></span> <span class='ocrx_word' id='word_1_234' title='bbox 956 3762 1114 3827; x_wconf 70' lang='lat' dir='ltr'><strong>videntur?</strong></span> 
     </span>
    </p>
   </div>
   <div class='ocr_carea' id='block_1_4' title="bbox 0 0 1381 4675">
    <p class='ocr_par' dir='ltr' id='par_1_5' title="bbox 0 0 1381 4675">
     <span class='ocr_line' id='line_1_34' title="bbox 0 0 1381 4675; baseline 0 0"><span class='ocrx_word' id='word_1_235' title='bbox 0 0 1381 4675; x_wconf 95' lang='lat' dir='ltr'><strong> </strong></span> 
     </span>
    </p>
   </div>
  </div>
 </body>
</html>
