2700 4675
434 565 499 615 rho
514 566 582 616 SEX.
597 565 714 616 Roscio
728 563 892 615 musmo.
1049 568 1087 625 61

220 709 366 779 dicantur,
378 729 472 787 neque
486 715 567 787 plura
580 719 680 772 tumen
692 712 754 770 dici
766 717 894 785 possunt,
907 725 993 783 quam
1005 698 1092 781 popu·

221 812 267 866 lus
279 811 427 866 Romanus
440 813 579 868 memorie
592 812 700 868 retinet
705 807 727 887 :)
740 810 818 867 diem
831 808 993 867 Scaevolae
1007 804 1092 872 dixit,

222 911 413 982 posteaquam
435 909 586 981 comperit,
607 926 673 966 eum
687 925 771 981 posse
785 907 897 964 vivere.
918 922 984 964 cum
1006 907 1044 961 ab
1057 920 1093 961 eo

225 1008 419 1080 quaereretur,
426 1005 495 1079 quid
509 1007 626 1064 tandem
639 1011 822 1064 accusaturus
835 1011 913 1063 esset
922 1011 998 1072 eum,
1007 1020 1094 1078 quem

225 1121 279 1178 pro
305 1103 447 1176 dignitate
470 1121 508 1160 ne
531 1102 551 1136 ²¹
565 1079 682 1162 lhudsre
706 1105 822 1179 quidem
848 1104 996 1178 quisquam
1021 1102 1092 1160 satis

226 1204 378 1260 commode
390 1208 507 1277 posset:
535 1204 625 1277 ajunt,
639 1204 796 1271 hominem,
820 1211 852 1260 nt
875 1208 937 1260 eret
962 1202 1092 1269 furiosus,

226 1302 417 1376 respondisse,
430 1304 505 1377 quod
516 1321 575 1360 non
589 1308 682 1360 totum
695 1306 786 1359 telum
795 1318 914 1374 corpore
925 1300 1091 1374 recepisset.

226 1397 249 1431 ²⁹
257 1419 313 1474 quo
323 1405 443 1475 populus
457 1403 605 1459 Romanus
620 1402 695 1458 nihil
704 1402 780 1458 vidit
787 1401 943 1475 indignius,
953 1400 1010 1456 nisi
1021 1401 1093 1473 ejus·

222 1500 291 1558 dem
306 1501 363 1558 viri
376 1507 507 1567 mortem,
521 1518 595 1575 quae
610 1505 723 1556 tantum
735 1499 838 1572 potuit,
853 1504 884 1555 ut
896 1516 996 1555 omnes
1010 1500 1093 1555 cives

221 1616 289 1656 suos
313 1599 471 1679 perdiderit
493 1605 523 1655 et
546 1597 701 1656 afflixerit:
722 1615 792 1674 quos
813 1597 881 1672 quia
904 1614 1021 1653 servare
1041 1614 1094 1669 per

223 1697 466 1770 compositionem
489 1699 616 1765 volebat,
637 1698 700 1771 ipse
726 1697 822 1754 abiis
846 1696 1015 1753 interemtus
1039 1700 1091 1752 est.

224 1795 316 1853 Estne
330 1797 351 1854 ln
399 1797 452 1853 illo
463 1796 543 1853 dicto
556 1787 642 1871 atque
656 1797 735 1853 laeto
749 1794 896 1854 Fimbriae
910 1813 969 1851 non
982 1794 1094 1851 similli-

224 1890 337 1951 munt-z
393 1894 500 1951 cunetis
524 1896 594 1950 Sex.
620 1894 768 1951 Roscium.
788 1895 857 1968 quid
877 1891 945 1950 ita?
966 1892 1031 1965 quia
1055 1893 1092 1948 de

223 1992 357 2048 matribus
369 1991 472 2046 vestris
483 1989 597 2063 effugit:
619 1992 686 2064 quie
698 2009 730 2047 se
743 1990 841 2049 occidi
853 2007 953 2062 passus
967 2006 1025 2045 non
1039 1993 1092 2045 est.

225 2088 303 2146 lllud
317 2087 383 2162 quia
393 2086 425 2142 in
438 2088 584 2144 Scaevola
597 2088 705 2145 lactum
718 2098 773 2157 est,
786 2090 878 2163 magis
888 2088 1039 2163 indignum
1052 2087 1093 2145 vi·

221 2184 322 2244 detur:
343 2187 408 2254 hoc,
424 2186 491 2261 quia
512 2184 544 2243 fit
563 2203 582 2243 a
601 2186 803 2261 Chrysogono,
828 2186 928 2245 23num
941 2191 986 2244 est
999 2188 1091 2245 feren-

223 2281 315 2344 dum?
336 2286 414 2344 Nam
435 2304 487 2360 per
507 2286 577 2344 deos
603 2286 789 2357 immortales,
811 2288 881 2364 quid
906 2293 952 2346 est
977 2286 1010 2345 in
1037 2287 1092 2345 lssc

253 2440 276 2473 ²¹
291 2441 384 2487 hedure
392 2467 402 2476 ·
411 2467 421 2476 -
428 2442 514 2502 possm]
546 2442 589 2488 Ed.
601 2441 638 2486 W.
647 2442 720 2498 possit
731 2443 798 2487 male.

254 2520 279 2552 2²
292 2518 721 2587 ‘triumuiralia-interemisset]
753 2517 1095 2589 lnhisnsemperhnemecee

223 2593 301 2682 ar..
310 2577 550 2680 missure
566 2577 849 2696 ιιιιιιιιιέιιῗδιε
858 2579 961 2684 ἐῶ
970 2579 1095 2682 erre

224 2694 261 2740 sii
275 2707 319 2753 quo
328 2690 426 2752 pertinet
442 2691 499 2739 illud
515 2694 574 2752 osto?
587 2694 673 2741 durum
683 2700 708 2740 et
716 2651 849 2742 nude&
859 2700 894 2742 est
907 2637 1095 2754 effigiem

224 2751 376 2799 nemnem.
408 2749 637 2799 Hotomannusetiam
654 2753 727 2799 haesit
737 2754 890 2801 inmorrciors
898 2755 1094 2812 morpedidcrit:

225 2809 299 2858 nerei
312 2808 367 2855 satis
376 2808 434 2855 bene
442 2809 538 2855 occurrit
545 2810 662 2859 Graevius.
694 2813 754 2859 Turn
785 2827 840 2859 uere
848 2813 872 2860 h.
883 2815 899 2860 l.
910 2818 1095 2860 commemoratur

224 2883 285 2931 mors
294 2866 417 2939 Scaevolae
426 2867 439 2917 Ρ
452 2882 510 2929 quae
519 2884 548 2916 eo
556 2875 657 2933 ternpore
665 2885 711 2918 non
725 2827 814 2928 arciiit,
829 2873 858 2918 de
872 2886 917 2934 quo
925 2873 962 2918 hic
971 2878 1005 2918 est
1014 2886 1093 2928 sermo,

223 2942 305 2989 nempe
315 2942 358 2974 non
368 2940 395 2972 ex
403 2927 445 2974 rllo
459 2927 559 2985 vulnere,
568 2931 628 3000 quod
644 2928 755 2977 inflixerat
771 2930 878 2977 Fimbria.
910 2931 1037 2992 Suspicatus
1046 2945 1094 2976 sum

222 2987 575 3115 mwpaarsrcffilpcnsffiotai
583 2990 909 3118 mmmm&
917 2989 1092 3118 mmmm

219 3110 274 3151 ‘crum
283 3105 325 3150 reli
339 3120 369 3150 ua
383 3109 486 3151 oratione
502 3107 647 3164 cohaereant,
662 3111 825 3169 etornhorpsa
833 3108 918 3154 mehus.
936 3121 1091 3155 acerrume

220 3163 307 3209 leretur
359 3164 465 3224 populum
475 3164 505 3210 R.

254 3242 278 3274 2³
291 3257 348 3288 nom
357 3244 532 3304 miserendum]
562 3245 598 3291 Sic
607 3244 677 3291 edidit
688 3246 848 3296 llotomunnus.
862 3246 920 3293 Edd.
931 3249 987 3291 vett.
997 3249 1022 3291 et
1030 3245 1089 3292 Med.

226 3314 273 3347 non
283 3301 338 3356 ests.
350 3302 409 3361 quod
418 3307 441 3348 et
451 3302 547 3348 restituit
556 3303 670 3350 Graevius.
691 3306 735 3352 Sed
745 3321 820 3354 sensus
829 3306 852 3351 in
862 3308 905 3353 hac
914 3304 1090 3351 vetereleotione

225 3359 353 3404 commodus
362 3374 405 3405 non
414 3364 455 3406 est.
485 3363 545 3408 Saue
553 3362 625 3409 voluit
639 3363 721 3420 dicere,
732 3378 775 3410 non
799 3368 903 3426 ropteres
912 3377 959 3411 esse
968 3365 1011 3409 hoc
1020 3363 1091 3407 teren-

224 3418 287 3473 dum,
294 3416 353 3484 quod
358 3417 512 3476 Chrysogonus
521 3419 593 3476 faciat,
601 3421 642 3467 etsi
650 3421 672 3467 in
681 3422 770 3468 homine
778 3381 825 3479 liat,
832 3423 869 3483 qui
876 3425 941 3480 louge
947 3422 1019 3469 minor
1026 3423 1090 3466 Scae-

224 3476 280 3521 vola
299 3479 334 3520 nt.
366 3476 409 3521 Sed
427 3478 622 3535 argumentationis
640 3480 711 3526 forma
729 3482 834 3540 poshrlnt,
850 3486 876 3527 nt
893 3481 1039 3549 interrogatio
1053 3478 1089 3532 sit,

224 3535 327 3593 adeoque
336 3538 375 3579 aut
383 3547 440 3580 nom
448 3535 541 3592 legatur,
551 3540 591 3582 aut
600 3537 730 3597 simpliciter
740 3541 905 3596 miserendum?
919 3548 944 3586 ut
968 3539 1042 3584 urdarn
1051 3549 1090 3580 ve

223 3594 295 3640 luere.
328 3593 363 3639 lta
372 3591 433 3637 bella
442 3592 513 3638 ironis
522 3599 557 3640 est
572 3595 595 3640 in
604 3595 645 3650 his,
654 3597 771 3655 puinfito
780 3599 925 3656 Chrysogono.
953 3555 1009 3642 1it'on
1017 3592 1091 3652 potuit

222 3651 277 3698 oriri
286 3665 314 3696 ex
324 3649 403 3698 ultime
412 3651 499 3707 syllaba
508 3653 601 3699 nominis
610 3654 690 3710 Chrys.
701 3657 738 3701 vel
747 3671 761 3700 ιι
770 3658 899 3716 glossatore,
909 3656 953 3701 vim
970 3656 1090 3706 iuterroga-

220 3710 288 3757 tionis
298 3709 429 3771 explicante,
439 3709 495 3755 vela
503 3715 634 3769 correctore,
642 3711 836 3773 interrogationem
841 3731 886 3762 uon
892 3712 1088 3760 animadvertente.

220 3769 300 3878 m
301 3769 381 3886 1Ῐιῖιιιιιξιζι
399 3768 466 3828 friget
475 3788 480 3814 ι
497 3769 557 3831 quod
566 3773 613 3816 turn
628 3770 812 3832 benediceretur,
823 3775 841 3822 si
857 3776 993 3835 sequeretur,
1002 3769 1055 3830 quio
1063 3768 1089 3816 itt
