2700 4675
240 503 301 564 103
607 493 734 544 ORATIO

236 663 299 704 rem
308 645 472 705 convertit:
512 645 538 702 si
552 646 631 702 nulla
644 642 676 700 in
687 660 718 700 re
729 646 760 700 te
770 640 947 702 fraudavit:
969 645 998 702 si
1011 645 1063 704 tibi
1074 663 1113 719 op

237 745 307 803 tima
319 746 375 803 fide
388 764 441 803 sua
452 742 715 810 omniaconcessit
727 743 956 814 adnumeravit,
968 746 1112 822 appendit:

236 844 262 901 ai
277 844 423 911 vestitum,
443 862 499 917 quo
525 843 588 916 ipse
612 847 707 898 tectus
729 844 802 908 erat,
825 837 1111 919 ”annulumquede

236 943 329 1017 digito
342 961 423 1001 suurn
439 942 491 998 tibi
506 941 642 998 tradidit:
662 939 688 997 si
702 958 740 996 ex
754 938 897 997 omnibus
924 944 1018 1009 mbos
1038 962 1066 1000 se
1078 943 1111 1016 ip·

236 1059 299 1098 sum
313 1041 430 1106 nudum,
451 1057 545 1113 neque
571 1044 720 1113 praeterea
741 1037 909 1113 quidquam
933 1042 1112 1116 excepii3ui

236 1138 292 1195 sibi
307 1155 357 1211 per
371 1143 399 1193 te
415 1136 503 1194 liceat
516 1136 668 1194 innocenti
682 1135 841 1194 amicorum
856 1138 972 1211 opibus
988 1137 1112 1202 vitani:

184 1232 225 1292 50
237 1241 366 1312 egestate
393 1238 509 1310 degere.
563 1235 689 1293 Praedia
715 1251 781 1291 mea
808 1238 840 1291 tn
870 1237 1039 1309 possides:
1069 1253 1114 1312 ego

236 1336 333 1394 aliena
355 1335 552 1410 misericordia
565 1336 655 1393 vivo:
675 1334 822 1390 concedo:
850 1339 886 1392 et
901 1340 986 1411 quod
1011 1338 1111 1396 minu

235 1452 343 1511 aequus
357 1442 410 1502 est,
421 1441 451 1494 et
463 1434 531 1510 quia
544 1450 665 1491 necesse
685 1437 738 1489 est.
749 1448 816 1489 mea
830 1433 943 1492 domus
964 1437 1023 1494 tibi
1036 1438 1112 1511 patet,

235 1534 309 1592 mihi
319 1536 418 1590 clausa
430 1539 490 1589 est:
512 1533 581 1589 iero.
595 1530 707 1588 familia
719 1547 785 1587 mea
795 1531 935 1590 maxima
949 1536 1055 1606 uteris,
1066 1550 1111 1610 ego

236 1647 353 1687 servum
379 1631 472 1686 habeo
500 1632 627 1687 nulium:
662 1628 767 1704 patior,
793 1633 825 1686 ei
853 1630 1018 1692 serendum
1044 1641 1110 1709 puto·

237 1728 315 1801 Quid
339 1726 385 1785 vis
398 1725 542 1801 amplius?
561 1728 630 1803 quid
644 1724 825 1803 insequeris?
845 1729 921 1804 quid
942 1725 1110 1809 oppugnari

217 1847 218 1851 ¹
236 1845 292 1903 qun
301 1827 332 1885 in
343 1845 374 1884 re
388 1832 467 1885 tuam
478 1828 658 1884 voluntatem
669 1827 774 1884 laedia
798 1844 845 1884 me
861 1834 952 1901 putus
966 1829 980 1890 i
1001 1832 1050 1891 ubi
1063 1829 1110 1890 tu'!

208 1923 210 1928 ⁴
235 1926 395 1986 commodis
408 1924 524 1985 officio?
544 1927 612 2001 quid
627 1925 681 1982 tibi
694 1921 800 1982 obsto?
822 1925 857 1984 si
872 1928 1041 2002 spoliorum
1052 1945 1109 1988 oau-

236 2044 270 2083 sa
289 2027 334 2084 vis
359 2026 506 2083 hominem
533 2025 678 2092 occidere,
705 2023 845 2097 spoliasti.
892 2027 979 2099 Quid
1007 2028 1112 2105 quierir

235 2121 379 2195 amplius?
401 2124 434 2179 Si
448 2123 683 2180 inimicitiarum:
703 2140 776 2197 quae
785 2127 853 2180 sunt
868 2123 925 2182 tibi
937 2127 1110 2188 inimicitis·

235 2235 303 2276 cnm
316 2236 361 2284 eo,
381 2219 462 2291 cnjus
484 2224 552 2276 ante
579 2221 698 2292 praedia
718 2221 883 2295 possedisti,
904 2243 1000 2299 quam
1024 2228 1110 2301 ipsun

234 2313 393 2392 cognosti?
426 2316 478 2375 Sin
506 2317 628 2376 metuis:
661 2316 730 2378 ⁰8ab
754 2339 827 2378 eone
854 2321 974 2398 aliquid
1002 2325 1107 2391 metu'u.

235 2436 321 2496 quem
336 2418 417 2475 vides
432 2419 525 2493 ipsum
539 2420 576 2477 ab
589 2437 653 2475 sese
668 2424 728 2476 tarn
741 2426 871 2477 atrocem
888 2421 1035 2497 injuriam
1053 2439 1108 2499 pro·

235 2521 347 2593 pulsare
361 2538 420 2576 non
434 2515 541 2592 passe?
563 2518 626 2585 Sin,
639 2519 715 2592 quod
731 2520 816 2585 bona,
829 2536 906 2593 quae
926 2521 1037 2581 Roscii
1055 2523 1108 2581 iue-

235 2623 309 2682 runt,
324 2622 372 2672 tus
385 2618 461 2674 sacta
476 2623 551 2685 sunt,
574 2617 684 2674 idcirco
708 2617 785 2673 hunc
799 2617 879 2673 iliius
904 2619 1004 2679 filium
1018 2622 1109 2679 ruta

235 2715 370 2787 perdere:
391 2732 489 2771 nonne
503 2717 641 2783 ostendis,
661 2715 691 2772 id
712 2719 742 2771 te
767 2714 871 2785 vereri,
893 2721 976 2791 quod
1002 2724 1107 2795 praeter

235 2816 347 2870 ceteros
371 2816 402 2869 tu
429 2819 557 2870 metuere
581 2832 640 2870 non
662 2815 779 2881 debens,
802 2832 840 2870 ne
865 2819 991 2889 quando
1014 2817 1109 2877 liher'u

234 2912 455 2985 proscriptorum
469 2916 546 2970 bona
559 2913 651 2986 patria
661 2908 839 2969 reddantur?
860 2913 956 2973 Facis
967 2916 1108 2993 injuriam.

235 3010 436 3083 chrysogone,
450 3011 475 3065 si
489 3011 627 3082 majorem
641 3029 722 3084 apem
731 3009 888 3083 emptionis
900 3017 973 3072 tuae
982 3016 1017 3075 in
1029 3014 1108 3089 huit!

235 3105 327 3163 exitio
342 3106 433 3177 ponis,
448 3125 532 3179 qnam
546 3108 577 3164 in
591 3109 635 3165 his
655 3111 749 3176 rebus,
763 3125 832 3182 quas
853 3109 891 3165 L.
908 3111 999 3171 Sulla
1012 3112 1107 3190 gessii-

236 3202 347 3274 Quodsi
361 3202 414 3259 tibi
428 3219 515 3261 causa
528 3208 608 3263 nulla
622 3212 675 3276 est,
690 3225 741 3266 cur
764 3208 841 3263 hunc
864 3207 1011 3272 miserum
1032 3216 1109 3271 tantu

264 3354 288 3387 ⁹²
301 3355 413 3424 conulem
429 3357 457 3403 de
474 3359 544 3417 digito
562 3360 648 3420 suum]
679 3360 731 3408 Hoc
749 3364 783 3406 est
802 3374 829 3406 ex
847 3361 956 3430 elegante
972 3366 1110 3414 nonacrim

234 3414 345 3462 Lambini.
378 3417 403 3462 ln
414 3417 469 3462 Mas.
483 3423 507 3463 et
513 3420 565 3466 edd.
576 3423 628 3465 ante
638 3427 700 3466 erat:
717 3420 829 3467 annulum
838 3419 908 3478 dedat,
918 3436 942 3468 os
952 3438 1027 3472 arm
1036 3425 1108 3473 rtttrr.

234 3473 380 3521 vitiosissime.
414 3476 488 3521 Secuti
504 3482 553 3524 sunt
564 3479 621 3524 hanc
630 3479 790 3526 correctionem
809 3492 892 3525 omnes.
927 3480 956 3528 ln
972 3482 1000 3530 Ρ.
1013 3478 1110 3532 Mamffi

234 3539 311 3581 tamen
321 3533 355 3579 ed.
377 3536 438 3582 1⁵40.
450 3540 514 3581 vetus
523 3537 595 3583 adhuc
609 3537 677 3584 lectio
690 3544 731 3584 est.
764 3537 926 3595 intelligendus
941 3545 1024 3589 autern
1033 3548 1110 3591 ertan-

233 3594 298 3640 nulus
306 3592 444 3651 signatodus,
453 3607 496 3638 non
505 3593 544 3640 ille
551 3596 657 3656 equestris
664 3597 748 3644 ordinis
757 3595 849 3654 insigne,
857 3600 883 3641 ut
891 3596 960 3644 facile
967 3600 1111 3661 intelligim.

263 3668 286 3702 ⁸³
299 3669 385 3714 abeam
394 3667 481 3727 oliprid
489 3669 574 3715 metuic
616 3670 725 3719 Graevius
742 3686 756 3717 e
773 3670 820 3718 Ma.
831 3669 913 3717 Frane.
926 3672 1004 3722 edidit
1021 3680 1111 3729 mr

133 3770 136 3781 ,
234 3732 261 3773 ut
279 3731 313 3774 est
331 3732 356 3774 et
374 3727 398 3775 in
416 3727 460 3775 Gn.
478 3726 573 3784 Egovo
611 3733 659 3776 turn
674 3729 831 3793 servaviquia
847 3728 919 3779 etium
935 3738 996 3781 aute
1013 3740 1052 3785 ert
1074 3733 1113 3783 B

133 3784 144 3856 i
235 3785 314 3845 terma,
330 3785 601 3848 utqucesorrttiiiiaim.
614 3791 656 3835 ete.
