2700 4675
289 553 354 613 254
626 547 660 596 ru
674 543 817 594 VERREM

290 701 322 754 ta
345 697 464 754 decreta
477 696 612 770 prolerre,
632 694 665 751 in
684 693 793 772 quihus,
807 696 839 747 ut
853 707 909 763 ego
922 688 1085 761 pecuniam
1110 706 1169 745 non

290 794 387 851 dicam
402 794 613 862 intercessisse,
627 794 691 867 ipsa
710 772 891 848 decretorum
919 786 1042 844 nov-itas
1067 786 1172 860 iniqui·

292 898 392 967 tasque
408 895 548 949 declarat.
591 893 713 957 Verum,
725 894 756 946 ut
767 906 805 946 ex
819 905 877 944 uno
885 888 922 943 de
933 886 1043 943 ceteris
1054 887 1171 960 conjec-

291 995 383 1047 turam
398 990 494 1045 lacere
508 988 641 1062 possitis:
663 990 695 1046 id
708 988 784 1061 quod
798 986 891 1060 priore
906 984 1026 1042 actione
1044 1001 1165 1058 cognos-

240 1079 280 1138 48
292 1088 339 1154 tis,
352 1086 459 1144 audite.
503 1088 538 1143 (l.
556 1085 702 1160 Sulpicius
717 1087 863 1157 Olympus
878 1084 942 1140 luit.
985 1084 1028 1153 ls-
1041 1088 1166 1139 mortuus

292 1191 338 1243 est
351 1186 387 1243 G.
404 1186 561 1242 Sacerdote
575 1188 717 1258 praetore,
729 1183 833 1239 nescio
848 1200 887 1239 an
901 1187 981 1247 ante,
994 1199 1080 1255 quam
1095 1181 1169 1236 Ver·

294 1302 340 1342 res
362 1288 521 1359 praeturam
550 1287 649 1356 petere
673 1282 813 1355 coeperit.
855 1281 944 1337 Fecit
965 1281 1099 1336 heredem
1120 1278 1165 1333 Μ.

296 1384 454 1442 Octavium
465 1382 612 1456 Ligurem.
653 1380 745 1454 Ligur
755 1380 948 1436 hereditatem
962 1376 1046 1434 adiit:
1067 1392 1166 1448 posse-

297 1482 342 1538 dit
358 1482 517 1538 Sacerdote
537 1483 679 1552 praetore,
693 1479 756 1535 sine
777 1480 836 1534 ulla
850 1474 1057 1534 controversia.
1095 1474 1168 1531 Pos-

296 1583 431 1650 teaquam
457 1578 566 1633 Verres
587 1577 786 1650 magistratum
798 1576 883 1645 iniit,
904 1594 944 1632 ex
964 1575 1063 1631 edicto
1075 1573 1168 1643 istius,

298 1676 373 1750 quod
385 1674 512 1730 edictum
529 1675 671 1730 Sacerdos
686 1691 745 1730 non
760 1676 908 1741 habuerat,
921 1672 1046 1747 Sulpicii
1056 1673 1169 1746 patroni

298 1773 358 1831 lilia
372 1777 486 1829 sextam
507 1777 617 1844 partem
632 1772 803 1829 hereditatis
818 1775 855 1829 ab
868 1772 977 1846 Ligure
992 1777 1092 1845 petere
1106 1790 1171 1829 coe·

298 1872 352 1947 pit.
392 1872 483 1945 Ligur
497 1888 555 1927 non
580 1873 688 1928 aderat.
729 1872 766 1928 L.
790 1872 877 1928 trater
897 1871 959 1943 ejus
975 1888 1094 1927 cansam
1109 1889 1172 1945 age·

300 1974 369 2029 bat:
395 1972 515 2027 aderant
541 1969 639 2037 amici,
662 1968 824 2044 propinqui.
866 1970 996 2027 Dicebat
1022 1970 1090 2037 iste,
1116 1969 1173 2028 nisi

302 2088 369 2127 cum
384 2069 504 2127 muliere
528 2068 720 2135 decideretur,
733 2068 764 2124 in
789 2069 1004 2141 possessionem
1018 2088 1051 2126 se
1064 2069 1108 2127 ire
1116 2070 1174 2141 jus·

303 2186 409 2226 surum.
452 2170 487 2224 L.
503 2167 617 2223 Gellius
632 2183 749 2223 causam
774 2165 890 2241 Liguris
912 2167 1107 2225 defendebat:
1127 2169 1172 2226 do

305 2270 400 2335 cebet,
415 2265 542 2323 edictum
567 2265 628 2338 ejus
650 2282 709 2321 non
730 2270 862 2338 oportere
876 2266 913 2321 ad
934 2267 1114 2324 hereditates
1128 2283 1174 2323 va·

305 2371 376 2434 lere,
389 2385 461 2442 quae
476 2370 544 2423 ante
559 2382 626 2422 eum
640 2369 800 2438 praetorem
815 2365 974 2422 venissent.
997 2366 1023 2424 si
1048 2368 1105 2424 hoc
1118 2372 1175 2424 tum

305 2467 408 2524 inisset
421 2466 558 2531 edictum,
572 2465 692 2521 sortasse
717 2464 853 2536 Ligurem
878 2465 1074 2523 hereditatem
1087 2466 1174 2521 aditu·

308 2583 371 2622 sum
385 2582 445 2620 non
459 2564 556 2622 tuisse.
599 2564 701 2637 Aequa
717 2562 881 2636 postulatio.
895 2581 1008 2620 summa
1029 2564 1175 2621 homimm

308 2662 463 2717 auctoritas
477 2660 571 2732 pretio
584 2663 778 2734 superabatur.
819 2661 914 2718 Venit
928 2664 1054 2721 Romam
1069 2665 1174 2738 Ligur:

309 2776 370 2817 non
400 2757 559 2826 dubitabat,
586 2759 663 2833 quin,
689 2760 714 2816 si
740 2760 801 2832 ipse
826 2760 951 2817 Verrem
982 2761 1176 2827 convenisset,

310 2857 454 2933 aequitate
469 2876 573 2915 causae
588 2864 617 2915 et
631 2858 803 2915 auctoritate
822 2875 874 2914 sua
888 2876 1077 2917 commovere
1091 2859 1176 2916 homi·

312 2975 381 3014 nem
395 2963 499 3029 posset.
520 2960 635 3013 domum
649 2959 685 3013 ad
700 2975 766 3014 eum
784 2957 882 3013 venit:
904 2975 964 3014 rem
987 2960 1178 3017 demonstrat:

315 3071 399 3124 quam
414 3054 522 3123 pridem
537 3055 593 3110 sibi
617 3056 762 3111 hereditas
784 3055 922 3121 venisset,
943 3057 1041 3112 docet.
1056 3057 1132 3130 quod
1145 3056 1179 3110 la·

317 3151 373 3206 cile
384 3150 415 3205 in
425 3168 512 3206 causa
523 3152 696 3223 aequissima
706 3154 817 3210 homini
830 3153 983 3226 ingenioso
994 3154 1050 3211 suit
1061 3177 1068 3210 :
1091 3158 1182 3220 multa,

317 3265 390 3323 quae
404 3248 675 3322 quemvismovere
698 3258 826 3322 possent,
851 3252 937 3308 dixit.
961 3255 1000 3309 ad
1026 3261 1184 3312 extremum

318 3352 416 3422 petere
430 3346 537 3418 coepit,
549 3365 585 3403 ne
599 3364 688 3420 usque
702 3367 738 3405 eo
752 3367 832 3408 suam
843 3350 1049 3408 auctoritatem
1060 3353 1184 3427 despice

319 3453 372 3513 ret,
386 3444 561 3519 gratiamque
575 3451 784 3515 contemneret,
795 3454 827 3506 ut
840 3454 964 3505 setania
977 3449 1090 3523 injuria
1100 3453 1186 3510 affice·

319 3551 373 3603 ret.
415 3545 511 3601 Homo
531 3545 667 3618 Ligurem
687 3564 822 3603 accusare
849 3547 955 3619 coepit,
976 3549 1082 3622 quiin
1103 3548 1187 3608 read

321 3643 453 3702 venticia
465 3649 550 3717 atque
565 3645 739 3701 hereditaria
758 3650 818 3702 tam
831 3644 964 3718 diligens,
979 3651 1042 3704 tarn
1068 3653 1189 3706 attentus

322 3748 399 3800 esset
414 3763 420 3799 :
442 3744 548 3800 debere
563 3759 628 3801 eum
642 3743 740 3817 ajebat
752 3760 834 3803 snam
853 3761 965 3819 quoque
989 3746 1136 3806 rationem
1148 3747 1192 3804 du·
