2700 4675
249 554 311 616 rrs
584 545 777 599 ΙΝΜΜ

247 703 347 773 aperto
367 696 539 771 suspicionis
562 696 681 755 introitu
702 692 854 753 adomnia
876 692 994 753 intima
1012 694 1125 754 istorum

217 790 235 851 l
247 798 372 856 consiliu
382 797 446 854 sine
454 798 514 857 ullo
525 813 619 854 errore
629 793 823 868 pervenimus.
860 792 947 868 Nam
958 798 994 850 ut
1008 795 1123 851 Horten·

247 896 306 954 sius
317 897 418 954 consul
429 895 605 969 designatus,
618 892 637 925 ⁸¹
648 895 764 951 domum
774 892 976 950 reducebatur
988 910 1007 949 e
1018 909 1120 965 campo,

246 993 342 1052 ”cum
361 994 488 1052 maxims
501 993 663 1068 frequentia
685 1008 719 1049 oc
734 989 944 1049 multitudine:
960 991 996 1049 tit
1009 988 1119 1049 obvium

248 1110 317 1149 casu
340 1090 368 1147 ei
390 1090 569 1149 multitudini
593 1090 630 1148 0.
652 1088 758 1158 uuum
785 1105 875 1163 quem
888 1106 951 1161 ego
969 1089 1119 1158 homiuem,

247 1188 364 1247 honoris
385 1188 480 1261 potius
500 1204 585 1262 quam
601 1185 796 1245 contumeliae
815 1203 918 1255 causa,
942 1186 1117 1245 nominatum

247 1290 326 1346 volo.
367 1287 487 1347 Etenim
506 1304 542 1343 ea
563 1286 668 1353 dicam,
691 1301 765 1361 quac
779 1283 841 1353 ille,
860 1284 888 1342 si
901 1282 1116 1343 commemorari

249 1387 400 1455 noluisset,
417 1405 477 1444 nou
495 1384 620 1444 tantuin
635 1387 797 1450 conventu,
812 1386 874 1441 tam
895 1389 997 1458 aperte
1015 1383 1116 1457 polam·

250 1505 305 1562 que
325 1486 456 1543 dixisset.
477 1502 551 1560 quae
572 1490 670 1541 tamen
687 1499 706 1538 a
718 1499 764 1539 me
785 1482 973 1555 pedetentim
985 1485 1118 1555 cauteque
1147 1533 1150 1544 ,

249 1584 397 1652 dicentur3
418 1587 449 1640 ut
470 1589 501 1639 et
521 1582 669 1639 amicitiae
683 1585 808 1648 nostrae,
827 1585 859 1638 et
871 1579 1026 1656 dignitatis
1044 1578 1118 1637 illius

249 1680 349 1737 habita
370 1680 443 1736 ratio
457 1698 521 1736 esse
541 1679 729 1754 intelligatur.
770 1680 864 1736 Videt
877 1680 915 1736 ad
929 1678 1026 1753 ipsum
1040 1674 1118 1735 iorni·

250 1795 316 1836 cem
330 1778 493 1835 Fabianum
501 1777 533 1835 iu
548 1779 630 1834 turba
641 1778 776 1834 Verrem.
787 1779 917 1851 appellat
924 1777 1083 1842 hominem,
1091 1777 1119 1832 et

250 1878 279 1934 ci
292 1875 395 1935 ”voce
410 1876 539 1933 maximo
557 1877 715 1949 gratulatur
731 1874 906 1952 victoriam:
926 1873 986 1949 ipsi
999 1874 1120 1932 Horten·

251 1976 305 2044 sio,
320 1975 370 2050 qui
389 1978 490 2033 consul
505 1979 567 2032 erat
580 1975 683 2040 iactus,
707 1973 873 2049 propinquis
894 1973 1120 2049 necessariisque

252 2074 323 2145 ejus,
336 2075 385 2147 qui
398 2080 459 2131 tum
474 2076 602 2140 aderunt,
617 2076 737 2129 verbum
751 2075 861 2129 nullum
875 2072 964 2130 iacit:
987 2089 1056 2131 cum
1070 2074 1120 2129 hos

247 2170 394 2237 consistit,
409 2174 486 2228 lruuc
501 2163 692 2243 amplexitur,
706 2171 784 2227 huuc
791 2170 878 2245 jubet
890 2170 958 2228 sinc
968 2189 1040 2229 cura
1052 2188 1119 2229 esse·

253 2265 401 2334 Rucurdio,
420 2268 523 2342 inquit,
536 2265 597 2333 sibi,
610 2273 635 2324 tc
650 2266 792 2325 twdiernis
805 2266 924 2325 suariis
937 2286 998 2327 csse
1018 2268 1122 2327 aduolu-

252 2373 320 2453 trrrn.
371 2368 455 2440 Quod
482 2384 549 2423 cum
573 2372 632 2426 tum
659 2369 743 2425 multi
767 2368 900 2425 homines
926 2367 1120 2428 honestissimi

254 2467 411 2535 audissent,
431 2466 531 2524 statim
544 2466 580 2522 ad
595 2483 641 2522 me
656 2466 797 2523 delentur:
811 2466 901 2523 immo
912 2481 997 2535 uero,
1008 2472 1043 2524 ut
1053 2467 1121 2543 quis·

253 2586 309 2641 que
323 2585 369 2624 me
383 2567 510 2632 viderat,
520 2566 663 2622 narrabat.
706 2563 782 2621 Aliis
797 2564 869 2620 illud
882 2564 1048 2639 indignum,
1061 2564 1119 2622 aliis

254 2664 405 2719 ridiculum
421 2664 587 2720 videbatur:
612 2662 764 2721 ridiculum
777 2662 823 2730 iis,
841 2661 890 2736 qui
902 2661 988 2721 istius
1007 2679 1120 2721 causam

254 2759 285 2816 iu
315 2758 429 2817 testium
456 2762 522 2830 lide,
550 2761 581 2818 in
606 2760 761 2818 criminum
788 2761 908 2829 ratione,
936 2761 970 2822 iu
990 2762 1118 2835 judicum

253 2864 406 2932 potestate,
427 2879 484 2918 uon
498 2861 529 2916 iu
544 2858 671 2917 comitiis
684 2859 891 2928 consularibus,
911 2860 1044 2933 positum
1054 2859 1119 2917 arbl-

284 3015 306 3046 21
320 3016 410 3060 &mrum
419 3015 582 3074 reducebatur]
607 3013 683 3060 Credo
698 3012 826 3060 ciceronem
839 3012 951 3075 scripsisse
968 3015 1118 3068 deducebatur,

256 3072 314 3138 quod
330 3077 364 3116 est
373 3073 464 3117 verbum
474 3071 585 3130 proprium
595 3072 617 3116 iu
628 3073 670 3118 hac
680 3087 716 3117 re:
732 3076 767 3118 est
776 3071 835 3117 euim
844 3087 912 3130 genus
927 3073 1021 3120 honoris
1031 3069 1120 3120 huben&

216 3186 219 3191 Ι
256 3128 438 3231 qdqltellsliigequdluqi5
464 3131 535 3188 Saepe
550 3129 606 3174 haec
619 3132 688 3176 verba
701 3131 795 3177 inlibris
809 3129 915 3178 confundi
924 3131 994 3178 docet
1010 3129 1119 3180 Drakenb-

325 3201 345 3229 ν.
392 3216 414 3241 ,.
439 3220 444 3230 .

182 3293 187 3302 2
286 3264 310 3332 22}
325 3277 376 3309 cum
390 3264 462 3319 sofr.
473 3278 499 3308 oc
508 3263 683 3370 ruodlitudincq·
705 3267 741 3314 Sic
750 3267 800 3312 edd.
812 3281 846 3327 pr.
857 3266 915 3313 Mss.
927 3267 969 3336 Er.
980 3268 1027 3316 Gu.
1059 3269 1123 3317 Alth

258 3323 322 3368 dedu
331 3324 353 3378 d,
369 3322 434 3368 male.
452 3337 503 3367 uam
513 3338 530 3368 sr
544 3338 557 3367 a
570 3325 660 3370 multrtu
676 3341 713 3371 rue
727 3326 833 3372 deductus
848 3331 890 3382 est,
906 3327 963 3386 qurd
977 3343 1037 3389 opus
1050 3329 1124 3376 addet

258 3381 355 3432 omnimo
366 3381 567 3440 cumfrepueptiu?

287 3462 311 3494 23
325 3475 374 3508 uoce
389 3459 486 3505 umuimc
499 3462 568 3520 grat]
600 3461 658 3507 Mss.
671 3461 772 3524 plerique
785 3466 810 3508 et
826 3463 885 3509 Edd.
901 3477 936 3524 pr.
953 3466 1027 3512 etiam
1039 3463 1122 3514 ΑΜ·

258 3520 384 3574 Manutius,
408 3522 450 3563 etc.
471 3520 557 3565 addunt
575 3519 697 3566 victorium.
744 3520 865 3568 Lambinus
884 3523 989 3570 delevit:
1022 3525 1123 3572 Gruterus

260 3580 331 3626 voluit
338 3591 434 3634 servare,
445 3577 482 3623 sed
492 3591 575 3638 operae
584 3583 668 3624 temere
677 3579 806 3637 omiserunt,
816 3595 858 3626 nec
866 3580 890 3626 id
900 3579 1065 3630 animadvertit
1075 3582 1126 3630 (im-

259 3639 343 3685 novius.
376 3639 453 3697 ltaque
473 3636 566 3683 restitui.
605 3636 714 3684 Grutems
730 3643 804 3685 tamen
822 3638 885 3694 dicit,
905 3654 930 3685 se
947 3641 1087 3696 emissmuur,
1105 3640 1131 3690 ui

260 3700 396 3757 superfluam,
406 3695 448 3742 uisi
458 3695 606 3742 consentirent
619 3695 678 3742 libri.
710 3697 831 3745 Enimvero
840 3711 886 3744 non
895 3702 930 3746 ert
939 3703 1065 3763 superflua:
1080 3710 1128 3748 mn

261 3755 307 3816 ipsa
316 3755 417 3804 Curionis
428 3754 496 3801 verbs
506 3768 555 3799 eam
564 3753 698 3801 desiderant.
