2700 4675
260 582 324 640 seo
597 569 632 619 ur
645 566 790 617 venum

259 725 387 790 decreta,
400 736 477 778 nors
486 718 599 792 judicia
612 719 792 791 petebantur.
832 709 910 769 Milo
923 710 968 769 det
984 710 1134 787 possessio·

260 838 340 878 nem:
359 817 429 875 rrn'lti
452 836 487 874 ne
508 816 636 874 adimet.-
654 813 740 871 inore
755 809 898 889 judiciem
923 828 958 867 nc
987 810 1048 869 det.-
1068 810 1137 869 nolui

261 918 335 975 bono
348 915 470 973 addicat.
492 916 544 971 alii
564 932 697 972 nummos
718 912 926 969 numerabant:
947 910 1001 967 alii
1025 912 1135 968 tabulas

261 1015 462 1087 obsignabant.
483 1015 584 1068 domus
609 1017 671 1068 erat
698 1029 757 1068 non
786 1008 951 1066 meretricio
975 1013 1133 1074 conventu,

260 1114 312 1169 sed
327 1112 468 1185 praetoria
477 1113 559 1166 turba
570 1109 683 1166 referte.
727 1108 857 1164 Simulac
872 1112 1002 1179 potestas
1012 1106 1133 1180 primum

262 1212 330 1268 duta
343 1215 397 1276 est,
407 1210 513 1266 adeunt
528 1208 569 1274 bi,
582 1225 652 1282 quos
672 1206 745 1263 dixi.
766 1205 892 1279 loquitur
906 1206 1047 1262 Mustius:
1070 1224 1131 1263 rem

262 1311 460 1366 demonstrat:
495 1306 569 1379 petit
595 1306 757 1363 auxilium:
789 1304 942 1378 pecuniam
967 1302 1129 1376 pollicetur.

263 1408 427 1480 Respondit
441 1408 502 1472 illa,
515 1411 546 1463 ut
561 1404 709 1471 meretrix,
729 1422 787 1461 non
802 1403 977 1460 inhumane:
996 1402 1133 1470 libenter,

262 1505 313 1570 ait,
327 1524 359 1560 se
373 1523 437 1560 esse
452 1505 600 1569 lucturam,
615 1510 645 1559 et
667 1522 699 1559 se
714 1503 850 1560 comisto
861 1503 1016 1577 diligenter
1028 1520 1135 1560 sermo·

237 1601 437 1657 ‚cincturamz
470 1601 578 1657 reverti
598 1602 692 1672 jubet.
723 1607 784 1657 tom
806 1602 966 1658 discedunt.
992 1601 1129 1674 postridie

262 1704 451 1754 revertuntur.
459 1704 544 1771 negat
555 1699 606 1755 illa
615 1716 699 1770 posse
708 1700 857 1757 hominem
867 1699 993 1757 exorari:
1005 1718 1131 1775 permag-

263 1814 330 1853 nam
352 1815 418 1853 eum
431 1796 529 1853 dicere
542 1814 581 1854 ex
605 1797 657 1853 ille
681 1815 711 1853 rc
732 1798 888 1871 pecuniam
911 1798 1019 1856 confici
1038 1817 1130 1872 posse.

210 1874 254 1934 53
265 1896 386 1964 Vereor,
400 1914 437 1952 ne
451 1896 513 1969 quis
527 1896 599 1952 torte
608 1898 644 1953 de
653 1900 769 1970 populo,
779 1897 828 1971 qui
843 1896 929 1969 priori
942 1896 1059 1954 actione
1073 1915 1131 1954 non

264 1995 355 2061 affuit,
369 1996 450 2061 haec,
470 1995 664 2068 quiapropter
684 1994 828 2069 insignem
848 1995 1055 2068 turpitudinem
1067 2000 1132 2054 sunt

158 2163 160 2165 Ι
264 2090 458 2158 incredibilia,
472 2092 541 2165 fingi
554 2111 572 2148 s
586 2111 632 2148 me
646 2093 805 2150 arbitretur.
827 2112 862 2150 ea
876 2112 930 2151 vos
943 2101 1046 2164 antea,
1059 2096 1131 2169 judi·

264 2205 323 2254 ces,
339 2188 527 2260 cognovistis.
570 2189 656 2247 Dixit
662 2191 776 2262 juratos
794 2192 978 2261 urstisius,
997 2201 1072 2252 tutor
1085 2212 1129 2268 pu·

265 2286 329 2362 pilli
343 2287 360 2342 J
364 2285 425 2343 unii
436 2306 442 2342 :
457 2286 533 2343 dixit
544 2287 587 2344 M.
599 2288 705 2346 Junins
719 2296 796 2349 tutor
808 2296 838 2348 et
852 2297 988 2369 patruus:
1011 2294 1130 2351 Mustius

265 2386 397 2453 dixisset,
418 2386 444 2442 si
467 2387 601 2444 viveret:
623 2391 674 2446 sed
702 2409 754 2462 pro
778 2391 897 2459 Mustio,
910 2394 1025 2450 recenti
1048 2393 1129 2450 rede

267 2485 376 2543 Mustio
398 2487 527 2543 auditum
548 2487 623 2543 dixit
642 2490 677 2545 L.
694 2490 856 2546 Domitius:
878 2490 927 2563 qui
951 2509 1019 2549 com
1039 2493 1129 2557 sciret,

266 2600 312 2638 me
327 2603 363 2638 ex
390 2583 500 2640 Mustio
515 2586 586 2642 vivo
600 2587 811 2661 audisse,quod
833 2607 869 2644 eo
893 2608 958 2646 sum
971 2609 1038 2648 usus
1052 2590 1130 2664 pluri·

265 2697 352 2746 mum,
365 2678 386 2711 ⁴7
395 2677 518 2756 (etenim
533 2683 563 2739 id
582 2685 734 2756 judicium,
748 2689 823 2760 quod
837 2705 926 2761 prope
940 2689 1070 2747 omnium
1083 2690 1131 2746 lor·

267 2785 397 2839 tuncrum
405 2799 519 2838 suarum
530 2784 565 2839 0.
581 2785 705 2842 Mustius
716 2787 825 2852 babuit,
834 2804 880 2843 me
891 2805 950 2844 uno
961 2789 1130 2846 defendente

266 2878 362 2957 vicit)
375 2899 441 2938 cum
453 2884 518 2949 lroc,
535 2888 566 2938 ut
579 2883 654 2950 dico,
669 2883 756 2941 sciret
769 2886 804 2943 L.
821 2886 980 2954 Domitius,
994 2906 1042 2944 me
1053 2888 1130 2952 sebe,

266 2979 302 3037 ad
311 2996 376 3033 eum
384 2998 429 3035 res
438 2998 538 3037 omnes
549 2981 689 3039 Mustium
699 2981 812 3039 solitum
822 3001 886 3039 esse
894 2986 1025 3055 deserre3
1040 2993 1131 3044 tamen

265 3072 301 3126 de
313 3073 476 3131 Chelidone
488 3078 713 3153 reticuit,quoad
723 3080 832 3155 potuit:
847 3083 907 3138 alio
917 3086 1132 3157 responsionem

265 3184 344 3222 suam
354 3169 508 3227 derivavit.
551 3175 665 3233 Tantus
680 3180 711 3234 in
725 3180 911 3237 adolescente
925 3182 1088 3241 clarissimo
1100 3197 1131 3239 ac

265 3265 395 3339 principe
400 3267 565 3338 juventutis
576 3275 665 3344 pudor
676 3277 738 3344 fuit,
749 3284 780 3333 ut
790 3278 968 3352 aliquandiu,
978 3299 1048 3340 cum
1061 3302 1079 3340 a
1092 3297 1134 3340 mc

264 3370 448 3439 premeretur,
462 3370 560 3426 omnia
573 3372 666 3443 potins
681 3376 875 3448 responderet,
889 3396 977 3452 qnam
1001 3382 1133 3439 Obelido

295 3519 317 3553 ⁴⁷
332 3519 412 3566 etenim
426 3520 452 3566 id
464 3521 597 3586 judicium]
629 3526 687 3572 Edd.
699 3544 733 3588 pr.
744 3529 791 3574 fere
807 3529 835 3574 in
843 3530 964 3588 judicium
973 3534 1056 3582 vitiose
1110 3531 1134 3578 il

259 3578 383 3635 judicium.
416 3581 441 3626 ld
451 3596 565 3628 correxere
574 3585 649 3630 deleto
657 3586 690 3640 r'n,
702 3587 779 3642 Aldus,
791 3587 872 3634 rectius
882 3589 921 3635 alii
930 3591 964 3637 id.
997 3594 1040 3641 Ms
1059 3548 1132 3640 mm

263 3642 288 3682 ut
295 3639 330 3683 ed.
342 3637 438 3708 Medici.
450 3639 577 3712 injudicio,
589 3643 634 3688 scil.
645 3646 741 3712 ntfieret
747 3644 838 3711 umere
847 3646 980 3711 injudicio,
989 3656 1051 3715 quod
1056 3650 1135 3700 teddo

264 3701 320 3755 erat,
332 3712 397 3757 quam
405 3700 618 3757 nncecyudnzum.
651 3701 704 3748 vu.
715 3702 781 3750 Clav.
792 3703 918 3754 muron.

133 3752 191 3873 κ,

133 4007 151 4047 V
