2700 4675
419 567 568 621 esocen
584 566 874 621 noscroaunmno.
1048 574 1091 636 ω
1148 590 1152 597 -

222 718 278 776 hoc
289 716 462 785 dubitemus,
472 722 536 775 uter
546 718 640 790 potius
651 719 723 775 Sex.
735 716 873 775 Roscium
883 713 1025 774 occiderit
1035 735 1043 770 :
1056 714 1091 785 is,

220 817 259 873 ad
273 833 358 889 quem
373 820 465 871 morte
479 815 540 888 ejus
554 815 677 872 divitiae
697 814 842 881 venerint,
855 831 893 871 an
906 814 941 881 is,
954 814 992 870 nd
1006 829 1091 886 quem

223 912 418 973 mendicitas:
433 912 468 978 is,
478 912 625 985 qui-antea
633 911 830 979 tenuistuerit,
844 929 881 969 an
892 912 927 980 is,
934 911 983 987 qui
993 914 1094 985 postes

222 1010 317 1067 iactus
331 1009 369 1064 sit
381 1008 583 1082 egentissimus
597 1029 605 1065 ε
625 1009 659 1077 is,
674 1010 722 1084 qui
736 1011 839 1067 ardens
852 1010 976 1069 avaritia
989 977 1122 1068 teratu,

224 1107 348 1166 infestus
356 1106 388 1164 in
398 1124 474 1176 suos,
484 1107 522 1165 'en
534 1107 569 1176 is,
577 1108 624 1183 qui
637 1126 752 1181 semper
764 1109 807 1168 ita
820 1109 937 1177 vixerit,
950 1114 982 1167 ut
995 1125 1095 1186 quaes·

224 1208 287 1265 tum
297 1210 394 1263 nosset
404 1208 522 1273 nullum,
533 1207 654 1265 fructum
664 1213 762 1265 autem
772 1226 838 1265 eum
848 1210 950 1277 solum,
960 1225 1045 1283 quem
1055 1211 1095 1265 ta·

226 1303 295 1361 bore
307 1304 481 1379 peperisset:
496 1304 531 1374 is,
539 1305 725 1379 quiomnium
735 1311 879 1364 sectorum
889 1307 1095 1364 audacissimus

224 1402 1097 1479 sitanis,quiproptertorijudiciorumqueinsolentiam,non
1209 1431 1217 1440 -

216 1502 311 1559 'modo
320 1502 467 1569 subsellia,
485 1501 686 1558 verumetiam
700 1503 798 1559 urbem
810 1501 902 1576 ipsam
916 1501 1097 1559 reformidet:

226 1598 508 1674 postremo,judices,
517 1599 547 1656 id
558 1601 633 1674 quod
643 1600 759 1667 adrem,
768 1617 833 1657 mea
843 1600 998 1669 sententia,
1006 1599 1098 1658 maxi·

227 1713 275 1769 me
287 1697 421 1771 pertinet,
433 1702 527 1755 utrum
540 1698 675 1756 inimicus
690 1698 793 1772 potins,
802 1715 840 1756 an
849 1698 932 1756 filius.
960 1700 1043 1757 Haeo
1057 1704 1098 1767 tu,
1107 1688 1150 1752 ³2

224 1794 327 1866 Eruci,
337 1799 381 1852 tot
393 1800 425 1852 et
437 1799 518 1854 tanta
531 1796 557 1854 si
570 1802 674 1855 nactus
696 1815 775 1854 esses
788 1797 820 1854 in
833 1814 892 1865 reo,
907 1798 1043 1871 quamdiu
1056 1796 1099 1854 di·

227 1890 331 1949 ceres?
350 1897 449 1966 quote
464 1895 558 1950 modo·
563 1894 692 1966 jactares
706 1892 719 1952 '2
738 1899 860 1966 tempus,
874 1896 1001 1962 hercule,
1016 1899 1046 1950 te
1059 1893 1100 1952 ci·

230 1987 298 2055 tius,
305 2005 390 2061 quam
403 1988 495 2045 oratio
508 1990 657 2046 deficeret.
699 1989 818 2047 Etenim
831 1990 863 2046 in
876 1989 998 2063 singuiis
1016 1991 1101 2048 rebus

230 2084 376 2159 ejusmodi
397 2084 531 2143 materies
555 2092 607 2155 est,
620 2090 652 2143 ut
665 2086 876 2161 diessingntos
895 2087 988 2161 possis
1002 2104 1102 2145 consu·
1119 2124 1123 2129 ,

232 2200 322 2242 mere.
363 2182 467 2258 Neque
480 2201 536 2259 ego
549 2202 607 2242 non
622 2202 753 2258 possum:
773 2202 833 2244 non
856 2185 937 2244 enim
955 2186 1027 2243 mihi
1041 2192 1102 2243 tan·

232 2287 294 2342 tum
307 2282 422 2356 derogo,
436 2282 551 2342 tametsi
561 2283 635 2344 nihil
645 2300 756 2358 arrogo,
764 2288 796 2343 ut
809 2288 839 2342 te
849 2284 1003 2360 copiosius,
1017 2301 1102 2361 quam

232 2399 291 2449 me,
311 2386 409 2454 putem
430 2399 513 2453 posse
527 2382 642 2439 dicere:
663 2399 766 2438 verum
778 2400 834 2456 ego
846 2383 975 2450 forsitan,
987 2388 1103 2456 propter

234 2478 450 2538 multitudinem
463 2484 655 2550 patronorum,
667 2477 688 2511 ⁵⁷
698 2478 731 2535 in
744 2495 832 2551 grege
845 2496 1025 2536 annumerer.
1043 2478 1064 2512 ⁵⁸
1074 2484 1104 2537 te

237 2592 336 2650 pugna
350 2575 513 2632 Cannensis
524 2581 722 2632 accusatorem
732 2578 778 2632 sat
790 2576 896 2632 bonum
910 2576 988 2633 tecit
1031 2576 1106 2635 Mul·

237 2679 283 2733 tos
297 2688 398 2729 caesos
413 2689 472 2729 non
485 2673 522 2729 ad
537 2672 763 2730 Thrasimenum
776 2675 881 2742 lucum,
894 2675 944 2732 sed
959 2676 996 2732 ad
1009 2675 1106 2734 Servi·

238 2771 311 2829 tium
326 2770 459 2827 vidimus.
492 2769 564 2842 Quis
578 2769 620 2828 ibi
629 2787 686 2829 non
698 2776 743 2829 est
753 2773 917 2830 vnlneratus
927 2774 1005 2831 'terro
1014 2773 1106 2848 Phry-

239 2865 312 2944 gio?
332 2868 361 2926 N
363 2886 401 2926 on
415 2886 535 2927 necesse
549 2873 594 2926 est
616 2886 718 2927 omnes
736 2886 969 2941 commemorare,
983 2870 1106 2938 Curtios,

240 2968 360 3035 Marios,
374 2969 498 3043 denique
513 2969 687 3037 Mamercos,
701 2985 770 3043 quos
788 2967 852 3042 jam
866 2974 946 3026 aetas
960 2986 978 3025 a
991 2969 1107 3042 praeliis

240 3069 402 3125 avocabat:
423 3071 569 3140 postremo
583 3067 730 3125 Priamum
740 3067 834 3141 ipsum
853 3084 962 3136 senem,
984 3068 1107 3127 Antisti-

242 3183 309 3224 um:
328 3163 441 3241 ⁵⁹quem
452 3182 510 3223 non
525 3165 611 3222 modo
624 3171 714 3234 aetas,
726 3165 877 3223 sedetiam
890 3168 969 3241 leges
981 3186 1107 3243 pugnare

274 3316 297 3351 Π
310 3317 337 3364 in
345 3332 412 3377 grege
418 3319 562 3381 annumeres]
578 3333 601 3366 v,
612 3319 641 3366 de
650 3319 693 3366 hac
707 3319 779 3367 forms
787 3320 852 3366 Clav.
863 3319 886 3366 in
899 3335 1028 3370 onnumm.
1058 3322 1106 3370 Ms.

246 3375 277 3425 G.
289 3376 359 3422 habet
366 3377 394 3422 in
401 3392 499 3437 gregem.

277 3453 298 3487 ⁸⁰
313 3459 417 3512 tepngm
427 3455 567 3518 Carmentis]
598 3455 714 3504 Hiclocus
731 3456 848 3503 admodum
856 3462 971 3505 venustem
980 3457 1110 3517 allegoriam

246 3511 328 3561 habet:
344 3513 369 3559 in
384 3527 428 3574 quo
443 3512 609 3576 interpretando
627 3530 670 3562 non
686 3529 761 3562 omnes
770 3515 851 3586 ubique
860 3531 936 3564 verum
945 3517 1057 3563 viderunt.
1085 3516 1111 3562 tn

237 3571 307 3630 ferro
315 3570 424 3629 Phrygio,
448 3577 546 3620 nsenrnt
552 3573 621 3619 verbs
630 3573 677 3619 noti
685 3573 794 3631 versiculi,
803 3574 859 3621 nubit
866 3576 1022 3636 quaerendum,
1030 3572 1071 3618 nisi
1079 3572 1112 3619 vis

246 3628 342 3687 hostilis,
348 3629 406 3676 sicut
414 3586 532 3689 iqurinmo
539 3635 627 3678 tantum
633 3635 738 3678 moestu.
762 3631 870 3681 Antistius
879 3639 943 3680 vatin
952 3635 1074 3688 scortator,
1084 3630 1112 3676 de

246 3702 293 3752 qno
301 3687 382 3735 Cicero
390 3688 490 3750 pluribus
497 3688 557 3745 locis,
568 3702 625 3749 quae
633 3702 654 3735 v.
665 3688 690 3736 in
698 3689 762 3736 Clau.
781 3738 787 3759 ι
851 3728 854 3733 .

277 3766 300 3801 ⁵⁹
314 3781 378 3872 quum
387 3780 433 3814 non
441 3766 503 3812 nudo
512 3770 576 3836 petas,
587 3780 604 3812 s.
611 3781 630 3811 e.
637 3767 711 3828 tages]
720 3752 725 3766 ⁵
741 3722 933 3885 *noua
941 3766 1057 3813 difficultas
1066 3769 1112 3814 ett:

246 3825 312 3876 atde
330 3825 405 3886 egibss
414 3824 543 3873 nemomhr
552 3824 625 3872 sdhnr
634 3825 753 3874 mtistscit:
821 3878 823 3883 ,
838 3888 841 3894 Ι
877 3828 983 3887 adquam
999 3823 1071 3886 legen
1080 3840 1113 3873 re
