<?xml version="1.0" encoding="UTF-8"?>
<!DOCTYPE html PUBLIC "-//W3C//DTD XHTML 1.0 Transitional//EN"
    "http://www.w3.org/TR/xhtml1/DTD/xhtml1-transitional.dtd">
<html xmlns="http://www.w3.org/1999/xhtml" xml:lang="en" lang="en">
 <head>
  <title>
</title>
<meta http-equiv="Content-Type" content="text/html;charset=utf-8" />
  <meta name='ocr-system' content='tesseract 3.04.00' />
  <meta name='ocr-capabilities' content='ocr_page ocr_carea ocr_par ocr_line ocrx_word'/>
</head>
<body>
  <div class='ocr_page' id='page_1' title='image "./mtvlliiciceroni04cicegoog_0381.png"; bbox 0 0 2700 4675; ppageno 0'>
   <div class='ocr_carea' id='block_1_1' title="bbox 295 513 810 590">
    <p class='ocr_par' dir='ltr' id='par_1_1' title="bbox 295 513 810 590">
     <span class='ocr_line' id='line_1_1' title="bbox 295 513 810 590; baseline 0.002 -27"><span class='ocrx_word' id='word_1_1' title='bbox 295 527 369 590; x_wconf 65' lang='lat'><strong>..343</strong></span> <span class='ocrx_word' id='word_1_2' title='bbox 617 515 653 566; x_wconf 88' lang='lat' dir='ltr'><strong>llll</strong></span> <span class='ocrx_word' id='word_1_3' title='bbox 666 513 810 564; x_wconf 68' lang='lat' dir='ltr'>VERREM</span> 
     </span>
    </p>
   </div>
   <div class='ocr_carea' id='block_1_2' title="bbox 305 660 1180 2416">
    <p class='ocr_par' dir='ltr' id='par_1_2' title="bbox 305 660 1180 1417">
     <span class='ocr_line' id='line_1_2' title="bbox 305 660 1178 739; baseline -0.014 -10"><span class='ocrx_word' id='word_1_4' title='bbox 305 675 403 729; x_wconf 80' lang='lat' dir='ltr'><strong>locare</strong></span> <span class='ocrx_word' id='word_1_5' title='bbox 416 667 454 734; x_wconf 88' lang='lat' dir='ltr'><strong>ei,</strong></span> <span class='ocrx_word' id='word_1_6' title='bbox 465 666 513 725; x_wconf 87' lang='lat' dir='ltr'><strong>cui</strong></span> <span class='ocrx_word' id='word_1_7' title='bbox 526 671 645 739; x_wconf 73' lang='lat' dir='ltr'><strong>poscent</strong></span> <span class='ocrx_word' id='word_1_8' title='bbox 655 665 763 739; x_wconf 81' lang='lat' dir='ltr'><strong>optima</strong></span> <span class='ocrx_word' id='word_1_9' title='bbox 774 660 943 719; x_wconf 86' lang='lat' dir='ltr'><strong>conditione</strong></span> <span class='ocrx_word' id='word_1_10' title='bbox 957 662 1066 728; x_wconf 75' lang='lat' dir='ltr'><strong>locare,</strong></span> <span class='ocrx_word' id='word_1_11' title='bbox 1077 676 1117 718; x_wconf 84' lang='lat' dir='ltr'><strong>an</strong></span> <span class='ocrx_word' id='word_1_12' title='bbox 1127 660 1178 717; x_wconf 91' lang='lat' dir='ltr'><strong>ali·</strong></span> 
     </span>
     <span class='ocr_line' id='line_1_3' title="bbox 306 759 1179 844; baseline -0.01 -18"><span class='ocrx_word' id='word_1_13' title='bbox 306 786 392 844; x_wconf 81' lang='lat' dir='ltr'><strong>quem</strong></span> <span class='ocrx_word' id='word_1_14' title='bbox 405 773 566 825; x_wconf 77' lang='lat' dir='ltr'><strong>curatorem</strong></span> <span class='ocrx_word' id='word_1_15' title='bbox 580 765 745 838; x_wconf 79' lang='lat' dir='ltr'><strong>praeficere,</strong></span> <span class='ocrx_word' id='word_1_16' title='bbox 759 763 808 837; x_wconf 92' lang='lat' dir='ltr'><strong>qui</strong></span> <span class='ocrx_word' id='word_1_17' title='bbox 821 761 924 818; x_wconf 72' lang='lat' dir='ltr'><strong>antula</strong></span> <span class='ocrx_word' id='word_1_18' title='bbox 938 759 1085 816; x_wconf 74' lang='lat' dir='ltr'><strong>faciundis</strong></span> <span class='ocrx_word' id='word_1_19' title='bbox 1100 778 1179 833; x_wconf 84' lang='lat' dir='ltr'><strong>prae·</strong></span> 
     </span>
     <span class='ocr_line' id='line_1_4' title="bbox 307 860 1180 935; baseline -0.013 -11"><span class='ocrx_word' id='word_1_20' title='bbox 307 872 444 934; x_wconf 72' lang='lat' dir='ltr'><strong>eccetan</strong></span> <span class='ocrx_word' id='word_1_21' title='bbox 459 865 522 931; x_wconf 90' lang='lat' dir='ltr'><strong>tibi,</strong></span> <span class='ocrx_word' id='word_1_22' title='bbox 536 881 573 921; x_wconf 90' lang='lat' dir='ltr'><strong>au</strong></span> <span class='ocrx_word' id='word_1_23' title='bbox 596 864 644 921; x_wconf 90' lang='lat' dir='ltr'><strong>cui</strong></span> <span class='ocrx_word' id='word_1_24' title='bbox 664 868 695 920; x_wconf 90' lang='lat' dir='ltr'><strong>tu</strong></span> <span class='ocrx_word' id='word_1_25' title='bbox 715 864 895 935; x_wconf 71' lang='lat' dir='ltr'><strong>imperasset,</strong></span> <span class='ocrx_word' id='word_1_26' title='bbox 919 860 1109 916; x_wconf 76' lang='lat' dir='ltr'><strong>adnumerare</strong></span> <span class='ocrx_word' id='word_1_27' title='bbox 1131 877 1180 932; x_wconf 77' lang='lat' dir='ltr'><strong>pe-</strong></span> 
     </span>
     <span class='ocr_line' id='line_1_5' title="bbox 307 957 1178 1036; baseline -0.008 -14"><span class='ocrx_word' id='word_1_28' title='bbox 307 965 433 1022; x_wconf 81' lang='lat' dir='ltr'><strong>cuniam.</strong></span> <span class='ocrx_word' id='word_1_29' title='bbox 475 964 504 1021; x_wconf 91' lang='lat' dir='ltr'>N</span> <span class='ocrx_word' id='word_1_30' title='bbox 508 979 554 1021; x_wconf 89' lang='lat' dir='ltr'><strong>aru</strong></span> <span class='ocrx_word' id='word_1_31' title='bbox 568 963 592 1019; x_wconf 82' lang='lat' dir='ltr'><strong>ai</strong></span> <span class='ocrx_word' id='word_1_32' title='bbox 607 979 658 1036; x_wconf 87' lang='lat' dir='ltr'><strong>per</strong></span> <span class='ocrx_word' id='word_1_33' title='bbox 671 979 722 1019; x_wconf 86' lang='lat' dir='ltr'><strong>eoa</strong></span> <span class='ocrx_word' id='word_1_34' title='bbox 733 967 845 1018; x_wconf 78' lang='lat' dir='ltr'><strong>statuae</strong></span> <span class='ocrx_word' id='word_1_35' title='bbox 853 960 997 1025; x_wconf 67' lang='lat' dir='ltr'><strong>liebantn</strong></span> <span class='ocrx_word' id='word_1_36' title='bbox 1011 958 1112 1031; x_wconf 80' lang='lat' dir='ltr'><strong>quibua</strong></span> <span class='ocrx_word' id='word_1_37' title='bbox 1121 957 1178 1015; x_wconf 91' lang='lat' dir='ltr'><strong>tibi</strong></span> 
     </span>
     <span class='ocr_line' id='line_1_6' title="bbox 307 1056 1180 1130; baseline -0.006 -11"><span class='ocrx_word' id='word_1_38' title='bbox 307 1064 362 1120; x_wconf 83' lang='lat' dir='ltr'><strong>iate</strong></span> <span class='ocrx_word' id='word_1_39' title='bbox 377 1064 467 1118; x_wconf 80' lang='lat' dir='ltr'><strong>bonos</strong></span> <span class='ocrx_word' id='word_1_40' title='bbox 481 1062 657 1129; x_wconf 86' lang='lat' dir='ltr'><strong>habebatur;</strong></span> <span class='ocrx_word' id='word_1_41' title='bbox 672 1059 774 1117; x_wconf 88' lang='lat' dir='ltr'><strong>audio:</strong></span> <span class='ocrx_word' id='word_1_42' title='bbox 796 1060 842 1115; x_wconf 83' lang='lat' dir='ltr'><strong>sin</strong></span> <span class='ocrx_word' id='word_1_43' title='bbox 857 1056 1044 1114; x_wconf 74' lang='lat' dir='ltr'><strong>Timarchidi</strong></span> <span class='ocrx_word' id='word_1_44' title='bbox 1054 1056 1180 1130; x_wconf 85' lang='lat' dir='ltr'><strong>pecunia</strong></span> 
     </span>
     <span class='ocr_line' id='line_1_7' title="bbox 307 1156 1178 1233; baseline -0.006 -16"><span class='ocrx_word' id='word_1_45' title='bbox 307 1162 524 1217; x_wconf 78' lang='lat' dir='ltr'><strong>numerabatur:</strong></span> <span class='ocrx_word' id='word_1_46' title='bbox 550 1158 662 1227; x_wconf 78' lang='lat' dir='ltr'><strong>desine,</strong></span> <span class='ocrx_word' id='word_1_47' title='bbox 686 1176 802 1233; x_wconf 73' lang='lat' dir='ltr'><strong>quinem,</strong></span> <span class='ocrx_word' id='word_1_48' title='bbox 826 1157 972 1224; x_wconf 75' lang='lat' dir='ltr'><strong>simulare,</strong></span> <span class='ocrx_word' id='word_1_49' title='bbox 992 1161 1032 1224; x_wconf 86' lang='lat' dir='ltr'><strong>tc,</strong></span> <span class='ocrx_word' id='word_1_50' title='bbox 1055 1174 1123 1213; x_wconf 92' lang='lat' dir='ltr'><strong>cum</strong></span> <span class='ocrx_word' id='word_1_51' title='bbox 1145 1156 1178 1212; x_wconf 91' lang='lat' dir='ltr'><strong>in</strong></span> 
     </span>
     <span class='ocr_line' id='line_1_8' title="bbox 308 1256 1178 1331; baseline -0.003 -15"><span class='ocrx_word' id='word_1_52' title='bbox 308 1260 465 1317; x_wconf 76' lang='lat' dir='ltr'><strong>manifesto</strong></span> <span class='ocrx_word' id='word_1_53' title='bbox 484 1258 560 1315; x_wconf 82' lang='lat' dir='ltr'><strong>lurto</strong></span> <span class='ocrx_word' id='word_1_54' title='bbox 583 1262 712 1326; x_wconf 88' lang='lat' dir='ltr'><strong>teneare,</strong></span> <span class='ocrx_word' id='word_1_55' title='bbox 721 1257 835 1331; x_wconf 76' lang='lat' dir='ltr'><strong>&#39;gloriae</strong></span> <span class='ocrx_word' id='word_1_56' title='bbox 847 1256 1007 1313; x_wconf 77' lang='lat' dir='ltr'><strong>abudioaum</strong></span> <span class='ocrx_word' id='word_1_57' title='bbox 1027 1272 1063 1313; x_wconf 91' lang='lat' dir='ltr'><strong>ac</strong></span> <span class='ocrx_word' id='word_1_58' title='bbox 1076 1272 1178 1313; x_wconf 87' lang='lat' dir='ltr'><strong>monu-</strong></span> 
     </span>
     <span class='ocr_line' id='line_1_9' title="bbox 309 1357 1035 1417; baseline -0.018 -1"><span class='ocrx_word' id='word_1_59' title='bbox 309 1366 470 1417; x_wconf 84' lang='lat' dir='ltr'><strong>mentorum</strong></span> <span class='ocrx_word' id='word_1_60' title='bbox 484 1357 582 1414; x_wconf 65' lang='lat' dir='ltr'><strong>luibae.</strong></span> <span class='ocrx_word' id='word_1_61' title='bbox 1032 1399 1035 1403; x_wconf 18' lang='grc' dir='ltr'><strong><em>Δ</em></strong></span> 
     </span>
    </p>

    <p class='ocr_par' dir='ltr' id='par_1_3' title="bbox 307 1453 1178 2416">
     <span class='ocr_line' id='line_1_10' title="bbox 350 1453 1178 1528; baseline -0.004 -15"><span class='ocrx_word' id='word_1_62' title='bbox 350 1456 427 1528; x_wconf 81' lang='lat' dir='ltr'><strong>Quid</strong></span> <span class='ocrx_word' id='word_1_63' title='bbox 440 1454 537 1514; x_wconf 83' lang='lat' dir='ltr'><strong>vero?</strong></span> <span class='ocrx_word' id='word_1_64' title='bbox 557 1457 673 1514; x_wconf 89' lang='lat' dir='ltr'><strong>modum</strong></span> <span class='ocrx_word' id='word_1_65' title='bbox 688 1460 845 1513; x_wconf 76' lang='lat' dir='ltr'><strong>stantarum</strong></span> <span class='ocrx_word' id='word_1_66' title='bbox 869 1453 970 1511; x_wconf 84' lang='lat' dir='ltr'><strong>baberi</strong></span> <span class='ocrx_word' id='word_1_67' title='bbox 993 1454 1105 1511; x_wconf 91' lang='lat' dir='ltr'><strong>nullum</strong></span> <span class='ocrx_word' id='word_1_68' title='bbox 1117 1456 1178 1527; x_wconf 85' lang='lat' dir='ltr'><strong>pla-</strong></span> 
     </span>
     <span class='ocr_line' id='line_1_11' title="bbox 308 1552 1178 1627; baseline -0.003 -17"><span class='ocrx_word' id='word_1_69' title='bbox 308 1552 380 1610; x_wconf 83' lang='lat' dir='ltr'><strong>cet?</strong></span> <span class='ocrx_word' id='word_1_70' title='bbox 399 1554 480 1627; x_wconf 83' lang='lat' dir='ltr'><strong>atqui</strong></span> <span class='ocrx_word' id='word_1_71' title='bbox 494 1555 634 1611; x_wconf 84' lang='lat' dir='ltr'><strong>habeatur</strong></span> <span class='ocrx_word' id='word_1_72' title='bbox 647 1572 768 1611; x_wconf 73' lang='lat' dir='ltr'><strong>necesse</strong></span> <span class='ocrx_word' id='word_1_73' title='bbox 781 1555 835 1611; x_wconf 75' lang='lat' dir='ltr'><strong>eat.</strong></span> <span class='ocrx_word' id='word_1_74' title='bbox 876 1552 995 1611; x_wconf 84' lang='lat' dir='ltr'><strong>Etenim</strong></span> <span class='ocrx_word' id='word_1_75' title='bbox 1018 1552 1061 1609; x_wconf 74' lang='lat' dir='ltr'><strong>sic</strong></span> <span class='ocrx_word' id='word_1_76' title='bbox 1083 1552 1178 1608; x_wconf 82' lang='lat' dir='ltr'><strong>conai-</strong></span> 
     </span>
     <span class='ocr_line' id='line_1_12' title="bbox 307 1649 1177 1728; baseline -0.001 -21"><span class='ocrx_word' id='word_1_77' title='bbox 307 1651 416 1707; x_wconf 84' lang='lat' dir='ltr'><strong>derate.</strong></span> <span class='ocrx_word' id='word_1_78' title='bbox 458 1652 643 1722; x_wconf 84' lang='lat' dir='ltr'><strong>Syracusana</strong></span> <span class='ocrx_word' id='word_1_79' title='bbox 662 1652 770 1708; x_wconf 81' lang='lat' dir='ltr'><strong>civitas</strong></span> <span class='ocrx_word' id='word_1_80' title='bbox 790 1649 835 1728; x_wconf 91' lang='lat' dir='ltr'><strong>(ut</strong></span> <span class='ocrx_word' id='word_1_81' title='bbox 848 1668 915 1708; x_wconf 88' lang='lat' dir='ltr'><strong>eam</strong></span> <span class='ocrx_word' id='word_1_82' title='bbox 933 1650 1112 1724; x_wconf 75' lang='lat' dir='ltr'><strong>potissimum</strong></span> <span class='ocrx_word' id='word_1_83' title='bbox 1127 1668 1177 1707; x_wconf 91' lang='lat' dir='ltr'><strong>uo·</strong></span> 
     </span>
     <span class='ocr_line' id='line_1_13' title="bbox 308 1744 1177 1825; baseline 0 -20"><span class='ocrx_word' id='word_1_84' title='bbox 308 1744 431 1825; x_wconf 79' lang='lat' dir='ltr'><strong>minem)</strong></span> <span class='ocrx_word' id='word_1_85' title='bbox 450 1749 531 1805; x_wconf 91' lang='lat' dir='ltr'><strong>dedit</strong></span> <span class='ocrx_word' id='word_1_86' title='bbox 540 1748 597 1821; x_wconf 83' lang='lat' dir='ltr'><strong>ipai</strong></span> <span class='ocrx_word' id='word_1_87' title='bbox 607 1754 741 1807; x_wconf 73' lang='lat' dir='ltr'><strong>statuam.</strong></span> <span class='ocrx_word' id='word_1_88' title='bbox 756 1755 802 1806; x_wconf 83' lang='lat' dir='ltr'><strong>eat</strong></span> <span class='ocrx_word' id='word_1_89' title='bbox 810 1752 919 1807; x_wconf 77' lang='lat' dir='ltr'><strong>bonos:</strong></span> <span class='ocrx_word' id='word_1_90' title='bbox 940 1756 971 1806; x_wconf 87' lang='lat' dir='ltr'><strong>et</strong></span> <span class='ocrx_word' id='word_1_91' title='bbox 984 1749 1078 1821; x_wconf 86' lang='lat' dir='ltr'><strong>patri:</strong></span> <span class='ocrx_word' id='word_1_92' title='bbox 1099 1751 1177 1806; x_wconf 85' lang='lat' dir='ltr'><strong>bella</strong></span> 
     </span>
     <span class='ocr_line' id='line_1_14' title="bbox 307 1847 1178 1922; baseline 0 -18"><span class='ocrx_word' id='word_1_93' title='bbox 307 1849 382 1905; x_wconf 88' lang='lat' dir='ltr'><strong>baec</strong></span> <span class='ocrx_word' id='word_1_94' title='bbox 407 1847 524 1921; x_wconf 85' lang='lat' dir='ltr'><strong>pictatia</strong></span> <span class='ocrx_word' id='word_1_95' title='bbox 537 1853 568 1904; x_wconf 89' lang='lat' dir='ltr'><strong>ot</strong></span> <span class='ocrx_word' id='word_1_96' title='bbox 586 1853 758 1922; x_wconf 72' lang='lat' dir='ltr'><strong>quaestuosa</strong></span> <span class='ocrx_word' id='word_1_97' title='bbox 781 1849 942 1907; x_wconf 76' lang='lat' dir='ltr'><strong>simulatio:</strong></span> <span class='ocrx_word' id='word_1_98' title='bbox 962 1854 993 1906; x_wconf 87' lang='lat' dir='ltr'><strong>et</strong></span> <span class='ocrx_word' id='word_1_99' title='bbox 1006 1849 1089 1906; x_wconf 87' lang='lat' dir='ltr'><strong>lilio:</strong></span> <span class='ocrx_word' id='word_1_100' title='bbox 1111 1848 1178 1906; x_wconf 83' lang='lat' dir='ltr'><strong>lerri</strong></span> 
     </span>
     <span class='ocr_line' id='line_1_15' title="bbox 309 1948 1177 2021; baseline 0 -17"><span class='ocrx_word' id='word_1_101' title='bbox 309 1948 365 2004; x_wconf 86' lang='lat' dir='ltr'><strong>boc</strong></span> <span class='ocrx_word' id='word_1_102' title='bbox 379 1952 491 2019; x_wconf 77' lang='lat' dir='ltr'><strong>potant:</strong></span> <span class='ocrx_word' id='word_1_103' title='bbox 512 1948 590 2004; x_wconf 89' lang='lat' dir='ltr'><strong>bunc</strong></span> <span class='ocrx_word' id='word_1_104' title='bbox 604 1948 684 2004; x_wconf 87' lang='lat' dir='ltr'><strong>euim</strong></span> <span class='ocrx_word' id='word_1_105' title='bbox 698 1965 816 2021; x_wconf 84' lang='lat' dir='ltr'><strong>puerum</strong></span> <span class='ocrx_word' id='word_1_106' title='bbox 841 1964 900 2005; x_wconf 89' lang='lat' dir='ltr'><strong>uon</strong></span> <span class='ocrx_word' id='word_1_107' title='bbox 912 1949 1051 2006; x_wconf 77' lang='lat' dir='ltr'><strong>oderam:</strong></span> <span class='ocrx_word' id='word_1_108' title='bbox 1076 1964 1177 2005; x_wconf 84' lang='lat' dir='ltr'><strong>verum</strong></span> 
     </span>
     <span class='ocr_line' id='line_1_16' title="bbox 308 2046 1177 2121; baseline 0.001 -19"><span class='ocrx_word' id='word_1_109' title='bbox 308 2046 431 2121; x_wconf 76' lang='lat' dir='ltr'><strong>quoties,</strong></span> <span class='ocrx_word' id='word_1_110' title='bbox 444 2050 474 2102; x_wconf 92' lang='lat' dir='ltr'><strong>et</strong></span> <span class='ocrx_word' id='word_1_111' title='bbox 487 2050 556 2120; x_wconf 87' lang='lat' dir='ltr'><strong>quot</strong></span> <span class='ocrx_word' id='word_1_112' title='bbox 576 2047 741 2103; x_wconf 80' lang='lat' dir='ltr'><strong>nominibus</strong></span> <span class='ocrx_word' id='word_1_113' title='bbox 763 2065 781 2104; x_wconf 89' lang='lat' dir='ltr'><strong>a</strong></span> <span class='ocrx_word' id='word_1_114' title='bbox 795 2047 988 2121; x_wconf 76' lang='lat' dir='ltr'><strong>Syracusanis</strong></span> <span class='ocrx_word' id='word_1_115' title='bbox 1007 2053 1118 2105; x_wconf 76' lang='lat' dir='ltr'><strong>statuas</strong></span> <span class='ocrx_word' id='word_1_116' title='bbox 1131 2064 1177 2103; x_wconf 87' lang='lat' dir='ltr'><strong>au·</strong></span> 
     </span>
     <span class='ocr_line' id='line_1_17' title="bbox 307 2141 1175 2212; baseline 0.005 -13"><span class='ocrx_word' id='word_1_117' title='bbox 307 2141 406 2199; x_wconf 75' lang='lat' dir='ltr'><strong>seres?</strong></span> <span class='ocrx_word' id='word_1_118' title='bbox 439 2144 481 2200; x_wconf 93' lang='lat' dir='ltr'><strong>Ut</strong></span> <span class='ocrx_word' id='word_1_119' title='bbox 494 2144 526 2200; x_wconf 89' lang='lat' dir='ltr'><strong>in</strong></span> <span class='ocrx_word' id='word_1_120' title='bbox 550 2145 611 2200; x_wconf 86' lang='lat' dir='ltr'><strong>loro</strong></span> <span class='ocrx_word' id='word_1_121' title='bbox 624 2143 795 2210; x_wconf 78' lang='lat' dir='ltr'><strong>statuerent,</strong></span> <span class='ocrx_word' id='word_1_122' title='bbox 808 2146 968 2203; x_wconf 75' lang='lat' dir='ltr'><strong>abstulisti:</strong></span> <span class='ocrx_word' id='word_1_123' title='bbox 989 2152 1021 2203; x_wconf 88' lang='lat' dir='ltr'><strong>ut</strong></span> <span class='ocrx_word' id='word_1_124' title='bbox 1034 2145 1066 2203; x_wconf 89' lang='lat' dir='ltr'><strong>iu</strong></span> <span class='ocrx_word' id='word_1_125' title='bbox 1087 2146 1175 2212; x_wconf 83' lang='lat' dir='ltr'><strong>curia.</strong></span> 
     </span>
     <span class='ocr_line' id='line_1_18' title="bbox 307 2241 1175 2319; baseline 0.002 -20"><span class='ocrx_word' id='word_1_126' title='bbox 307 2241 449 2315; x_wconf 65' lang='lat' dir='ltr'><strong>codgisti:</strong></span> <span class='ocrx_word' id='word_1_127' title='bbox 470 2246 502 2299; x_wconf 86' lang='lat' dir='ltr'><strong>ut</strong></span> <span class='ocrx_word' id='word_1_128' title='bbox 515 2242 669 2315; x_wconf 85' lang='lat' dir='ltr'><strong>pecuniam</strong></span> <span class='ocrx_word' id='word_1_129' title='bbox 683 2246 848 2303; x_wconf 83' lang='lat' dir='ltr'><strong>conferrent</strong></span> <span class='ocrx_word' id='word_1_130' title='bbox 861 2245 892 2304; x_wconf 90' lang='lat' dir='ltr'><strong>i&#39;u</strong></span> <span class='ocrx_word' id='word_1_131' title='bbox 906 2264 955 2303; x_wconf 81' lang='lat' dir='ltr'><strong>aaa</strong></span> <span class='ocrx_word' id='word_1_132' title='bbox 967 2250 1086 2311; x_wconf 77' lang='lat' dir='ltr'><strong>stamas,</strong></span> <span class='ocrx_word' id='word_1_133' title='bbox 1100 2264 1175 2319; x_wconf 89' lang='lat' dir='ltr'><strong>quae</strong></span> 
     </span>
     <span class='ocr_line' id='line_1_19' title="bbox 308 2341 1174 2416; baseline 0.005 -18"><span class='ocrx_word' id='word_1_134' title='bbox 308 2341 419 2399; x_wconf 82' lang='lat' dir='ltr'><strong>Romae</strong></span> <span class='ocrx_word' id='word_1_135' title='bbox 434 2347 616 2416; x_wconf 72' lang='lat' dir='ltr'><strong>ponerentur,</strong></span> <span class='ocrx_word' id='word_1_136' title='bbox 629 2343 795 2416; x_wconf 79' lang='lat' dir='ltr'><strong>imperasti:</strong></span> <span class='ocrx_word' id='word_1_137' title='bbox 815 2351 847 2403; x_wconf 90' lang='lat' dir='ltr'><strong>ut</strong></span> <span class='ocrx_word' id='word_1_138' title='bbox 861 2347 949 2404; x_wconf 83' lang='lat' dir='ltr'><strong>iidem</strong></span> <span class='ocrx_word' id='word_1_139' title='bbox 962 2346 1064 2401; x_wconf 85' lang='lat' dir='ltr'><strong>darent</strong></span> <span class='ocrx_word' id='word_1_140' title='bbox 1082 2345 1174 2402; x_wconf 92' lang='lat' dir='ltr'><strong>homi·</strong></span> 
     </span>
    </p>
   </div>
   <div class='ocr_carea' id='block_1_3' title="bbox 306 2422 1174 2916">
    <p class='ocr_par' dir='ltr' id='par_1_4' title="bbox 306 2422 1174 2916">
     <span class='ocr_line' id='line_1_20' title="bbox 307 2422 1174 2517; baseline 0.001 -18"><span class='ocrx_word' id='word_1_141' title='bbox 307 2459 361 2500; x_wconf 79' lang='lat' dir='ltr'><strong>neo</strong></span> <span class='ocrx_word' id='word_1_142' title='bbox 374 2446 517 2499; x_wconf 85' lang='lat' dir='ltr'><strong>aratorum</strong></span> <span class='ocrx_word' id='word_1_143' title='bbox 530 2442 667 2499; x_wconf 85' lang='lat' dir='ltr'><strong>nomine:</strong></span> <span class='ocrx_word' id='word_1_144' title='bbox 688 2422 844 2501; x_wconf 70' lang='lat' dir='ltr'><strong>ueremni:</strong></span> <span class='ocrx_word' id='word_1_145' title='bbox 865 2450 898 2502; x_wconf 90' lang='lat' dir='ltr'><strong>ut</strong></span> <span class='ocrx_word' id='word_1_146' title='bbox 919 2444 1007 2502; x_wconf 88' lang='lat' dir='ltr'><strong>iidem</strong></span> <span class='ocrx_word' id='word_1_147' title='bbox 1027 2460 1080 2517; x_wconf 85' lang='lat' dir='ltr'><strong>pro</strong></span> <span class='ocrx_word' id='word_1_148' title='bbox 1092 2448 1174 2517; x_wconf 84' lang='lat' dir='ltr'><strong>parte</strong></span> 
     </span>
     <span class='ocr_line' id='line_1_21' title="bbox 307 2540 1174 2601; baseline 0.001 -3"><span class='ocrx_word' id='word_1_149' title='bbox 307 2540 500 2598; x_wconf 87' lang='lat' dir='ltr'><strong>incommune</strong></span> <span class='ocrx_word' id='word_1_150' title='bbox 510 2540 631 2598; x_wconf 77' lang='lat' dir='ltr'><strong>Siciliae</strong></span> <span class='ocrx_word' id='word_1_151' title='bbox 642 2542 805 2600; x_wconf 77' lang='lat' dir='ltr'><strong>conterrent</strong></span> <span class='ocrx_word' id='word_1_152' title='bbox 816 2564 823 2599; x_wconf 73' lang='lat' dir='ltr'><strong><em>z</em></strong></span> <span class='ocrx_word' id='word_1_153' title='bbox 837 2544 967 2601; x_wconf 88' lang='lat' dir='ltr'><strong>etiamid</strong></span> <span class='ocrx_word' id='word_1_154' title='bbox 980 2545 1174 2600; x_wconf 90' lang='lat' dir='ltr'><strong>coutulerunt.</strong></span> 
     </span>
     <span class='ocr_line' id='line_1_22' title="bbox 306 2641 1174 2715; baseline 0.002 -17"><span class='ocrx_word' id='word_1_155' title='bbox 306 2641 377 2698; x_wconf 89' lang='lat' dir='ltr'><strong>Una</strong></span> <span class='ocrx_word' id='word_1_156' title='bbox 390 2642 497 2699; x_wconf 80' lang='lat' dir='ltr'><strong>civitas</strong></span> <span class='ocrx_word' id='word_1_157' title='bbox 507 2658 574 2699; x_wconf 92' lang='lat' dir='ltr'><strong>cum</strong></span> <span class='ocrx_word' id='word_1_158' title='bbox 588 2646 632 2699; x_wconf 91' lang='lat' dir='ltr'><strong>tot</strong></span> <span class='ocrx_word' id='word_1_159' title='bbox 645 2642 809 2700; x_wconf 77' lang='lat' dir='ltr'><strong>nominibus</strong></span> <span class='ocrx_word' id='word_1_160' title='bbox 835 2644 992 2715; x_wconf 81' lang='lat' dir='ltr'><strong>pecuniam</strong></span> <span class='ocrx_word' id='word_1_161' title='bbox 1011 2644 1174 2712; x_wconf 86' lang='lat' dir='ltr'><strong>contulerit,</strong></span> 
     </span>
     <span class='ocr_line' id='line_1_23' title="bbox 307 2738 1174 2817; baseline 0.003 -21"><span class='ocrx_word' id='word_1_162' title='bbox 307 2738 441 2815; x_wconf 85' lang='lat' dir='ltr'><strong>idemque</strong></span> <span class='ocrx_word' id='word_1_163' title='bbox 455 2743 511 2800; x_wconf 91' lang='lat' dir='ltr'><strong>hoc</strong></span> <span class='ocrx_word' id='word_1_164' title='bbox 527 2740 665 2800; x_wconf 75' lang='lat' dir='ltr'><strong>civitates</strong></span> <span class='ocrx_word' id='word_1_165' title='bbox 678 2747 794 2799; x_wconf 88' lang='lat' dir='ltr'><strong>ceterae</strong></span> <span class='ocrx_word' id='word_1_166' title='bbox 808 2742 947 2801; x_wconf 76' lang='lat' dir='ltr'><strong>feceriut:</strong></span> <span class='ocrx_word' id='word_1_167' title='bbox 968 2762 1028 2802; x_wconf 92' lang='lat' dir='ltr'><strong>uon</strong></span> <span class='ocrx_word' id='word_1_168' title='bbox 1054 2763 1098 2801; x_wconf 83' lang='lat' dir='ltr'><strong>res</strong></span> <span class='ocrx_word' id='word_1_169' title='bbox 1112 2745 1174 2817; x_wconf 76' lang='lat' dir='ltr'><strong>ipsa</strong></span> 
     </span>
     <span class='ocr_line' id='line_1_24' title="bbox 308 2840 1173 2916; baseline 0.006 -22"><span class='ocrx_word' id='word_1_170' title='bbox 308 2856 361 2895; x_wconf 83' lang='lat' dir='ltr'><strong>voa</strong></span> <span class='ocrx_word' id='word_1_171' title='bbox 375 2841 519 2908; x_wconf 83' lang='lat' dir='ltr'><strong>admonet,</strong></span> <span class='ocrx_word' id='word_1_172' title='bbox 533 2847 565 2897; x_wconf 93' lang='lat' dir='ltr'><strong>ut</strong></span> <span class='ocrx_word' id='word_1_173' title='bbox 579 2840 694 2913; x_wconf 78' lang='lat' dir='ltr'><strong>putetis,</strong></span> <span class='ocrx_word' id='word_1_174' title='bbox 708 2843 823 2898; x_wconf 92' lang='lat' dir='ltr'><strong>modum</strong></span> <span class='ocrx_word' id='word_1_175' title='bbox 837 2843 962 2916; x_wconf 88' lang='lat' dir='ltr'><strong>aliquem</strong></span> <span class='ocrx_word' id='word_1_176' title='bbox 983 2843 1051 2899; x_wconf 87' lang='lat' dir='ltr'><strong>buic</strong></span> <span class='ocrx_word' id='word_1_177' title='bbox 1065 2843 1173 2916; x_wconf 82' lang='lat' dir='ltr'><strong>cupidi·</strong></span> 
     </span>
    </p>
   </div>
   <div class='ocr_carea' id='block_1_4' title="bbox 249 2936 1174 3709">
    <p class='ocr_par' dir='ltr' id='par_1_5' title="bbox 249 2936 1174 3709">
     <span class='ocr_line' id='line_1_25' title="bbox 306 2936 1174 3013; baseline 0.008 -21"><span class='ocrx_word' id='word_1_178' title='bbox 306 2936 360 2993; x_wconf 85' lang='lat' dir='ltr'><strong>tali</strong></span> <span class='ocrx_word' id='word_1_179' title='bbox 387 2940 524 2997; x_wconf 76' lang='lat' dir='ltr'><strong>constitui</strong></span> <span class='ocrx_word' id='word_1_180' title='bbox 547 2937 704 3013; x_wconf 84' lang='lat' dir='ltr'><strong>oportere?</strong></span> <span class='ocrx_word' id='word_1_181' title='bbox 738 2941 848 3012; x_wconf 77' lang='lat' dir='ltr'><strong>Quodsi</strong></span> <span class='ocrx_word' id='word_1_182' title='bbox 872 2942 928 2998; x_wconf 89' lang='lat' dir='ltr'><strong>boc</strong></span> <span class='ocrx_word' id='word_1_183' title='bbox 951 2944 1103 2999; x_wconf 83' lang='lat' dir='ltr'><strong>voluntate</strong></span> <span class='ocrx_word' id='word_1_184' title='bbox 1123 2959 1174 2999; x_wconf 81' lang='lat' dir='ltr'><strong>aua</strong></span> 
     </span>
     <span class='ocr_line' id='line_1_26' title="bbox 306 3035 1173 3112; baseline 0.014 -26"><span class='ocrx_word' id='word_1_185' title='bbox 306 3035 386 3087; x_wconf 86' lang='lat' dir='ltr'><strong>nulla</strong></span> <span class='ocrx_word' id='word_1_186' title='bbox 399 3036 506 3094; x_wconf 75' lang='lat' dir='ltr'><strong>civitas</strong></span> <span class='ocrx_word' id='word_1_187' title='bbox 528 3038 617 3094; x_wconf 85' lang='lat' dir='ltr'><strong>lecit:</strong></span> <span class='ocrx_word' id='word_1_188' title='bbox 639 3040 665 3095; x_wconf 81' lang='lat' dir='ltr'><strong>ai</strong></span> <span class='ocrx_word' id='word_1_189' title='bbox 679 3057 780 3097; x_wconf 82' lang='lat' dir='ltr'><strong>omues</strong></span> <span class='ocrx_word' id='word_1_190' title='bbox 793 3039 924 3112; x_wconf 82' lang='lat' dir='ltr'><strong>imperio,</strong></span> <span class='ocrx_word' id='word_1_191' title='bbox 938 3047 1028 3107; x_wconf 88' lang='lat' dir='ltr'><strong>metu,</strong></span> <span class='ocrx_word' id='word_1_192' title='bbox 1041 3042 1083 3109; x_wconf 86' lang='lat' dir='ltr'><strong>vi,</strong></span> <span class='ocrx_word' id='word_1_193' title='bbox 1097 3043 1173 3098; x_wconf 87' lang='lat' dir='ltr'><strong>malo</strong></span> 
     </span>
     <span class='ocr_line' id='line_1_27' title="bbox 305 3128 1174 3205; baseline 0.016 -22"><span class='ocrx_word' id='word_1_194' title='bbox 305 3128 457 3197; x_wconf 83' lang='lat' dir='ltr'><strong>adductae,</strong></span> <span class='ocrx_word' id='word_1_195' title='bbox 471 3133 524 3189; x_wconf 88' lang='lat' dir='ltr'><strong>tibi</strong></span> <span class='ocrx_word' id='word_1_196' title='bbox 546 3135 700 3205; x_wconf 86' lang='lat' dir='ltr'><strong>pecuniam</strong></span> <span class='ocrx_word' id='word_1_197' title='bbox 724 3145 880 3196; x_wconf 82' lang='lat' dir='ltr'><strong>statuarum</strong></span> <span class='ocrx_word' id='word_1_198' title='bbox 904 3140 1023 3196; x_wconf 89' lang='lat' dir='ltr'><strong>nomine</strong></span> <span class='ocrx_word' id='word_1_199' title='bbox 1046 3143 1174 3197; x_wconf 89' lang='lat' dir='ltr'><strong>contule·</strong></span> 
     </span>
     <span class='ocr_line' id='line_1_28' title="bbox 305 3229 1172 3313; baseline 0.02 -34"><span class='ocrx_word' id='word_1_200' title='bbox 305 3229 389 3280; x_wconf 89' lang='lat' dir='ltr'><strong>runt:</strong></span> <span class='ocrx_word' id='word_1_201' title='bbox 410 3245 462 3299; x_wconf 91' lang='lat' dir='ltr'><strong>per</strong></span> <span class='ocrx_word' id='word_1_202' title='bbox 474 3230 544 3284; x_wconf 78' lang='lat' dir='ltr'><strong>deos</strong></span> <span class='ocrx_word' id='word_1_203' title='bbox 558 3229 744 3304; x_wconf 80' lang='lat' dir='ltr'><strong>immortales,</strong></span> <span class='ocrx_word' id='word_1_204' title='bbox 759 3256 827 3295; x_wconf 90' lang='lat' dir='ltr'><strong>nnm</strong></span> <span class='ocrx_word' id='word_1_205' title='bbox 841 3237 888 3296; x_wconf 93' lang='lat' dir='ltr'><strong>cui</strong></span> <span class='ocrx_word' id='word_1_206' title='bbox 902 3239 1019 3296; x_wconf 89' lang='lat' dir='ltr'><strong>dubium</strong></span> <span class='ocrx_word' id='word_1_207' title='bbox 1035 3258 1100 3297; x_wconf 88' lang='lat' dir='ltr'><strong>esse</strong></span> <span class='ocrx_word' id='word_1_208' title='bbox 1127 3258 1172 3313; x_wconf 88' lang='lat' dir='ltr'><strong>po-</strong></span> 
     </span>
     <span class='ocr_line' id='line_1_29' title="bbox 306 3323 1174 3410; baseline 0.018 -31"><span class='ocrx_word' id='word_1_209' title='bbox 306 3323 384 3392; x_wconf 81' lang='lat' dir='ltr'><strong>terit,</strong></span> <span class='ocrx_word' id='word_1_210' title='bbox 398 3325 476 3399; x_wconf 90' lang='lat' dir='ltr'><strong>quin,</strong></span> <span class='ocrx_word' id='word_1_211' title='bbox 492 3327 606 3386; x_wconf 87' lang='lat' dir='ltr'><strong>etiamsi</strong></span> <span class='ocrx_word' id='word_1_212' title='bbox 620 3331 683 3407; x_wconf 80' lang='lat' dir='ltr'><strong>quia</strong></span> <span class='ocrx_word' id='word_1_213' title='bbox 697 3337 839 3404; x_wconf 84' lang='lat' dir='ltr'><strong>statuerit,</strong></span> <span class='ocrx_word' id='word_1_214' title='bbox 852 3338 986 3410; x_wconf 77' lang='lat' dir='ltr'><strong>accipere</strong></span> <span class='ocrx_word' id='word_1_215' title='bbox 1006 3339 1043 3394; x_wconf 84' lang='lat' dir='ltr'><strong>ad</strong></span> <span class='ocrx_word' id='word_1_216' title='bbox 1066 3345 1174 3395; x_wconf 76' lang='lat' dir='ltr'><strong>statuar</strong></span> 
     </span>
     <span class='ocr_line' id='line_1_30' title="bbox 249 3421 1172 3508; baseline 0.021 -32"><span class='ocrx_word' id='word_1_217' title='bbox 249 3477 252 3483; x_wconf 82' lang='grc'><strong>,</strong></span> <span class='ocrx_word' id='word_1_218' title='bbox 303 3421 402 3491; x_wconf 89' lang='lat' dir='ltr'><strong>licere,</strong></span> <span class='ocrx_word' id='word_1_219' title='bbox 417 3425 495 3480; x_wconf 82' lang='lat' dir='ltr'><strong>idem</strong></span> <span class='ocrx_word' id='word_1_220' title='bbox 517 3430 613 3485; x_wconf 87' lang='lat' dir='ltr'><strong>lamen</strong></span> <span class='ocrx_word' id='word_1_221' title='bbox 628 3436 744 3500; x_wconf 78' lang='lat' dir='ltr'><strong>statuat,</strong></span> <span class='ocrx_word' id='word_1_222' title='bbox 759 3435 871 3508; x_wconf 89' lang='lat' dir='ltr'><strong>eripere</strong></span> <span class='ocrx_word' id='word_1_223' title='bbox 885 3448 964 3493; x_wconf 87' lang='lat' dir='ltr'><strong>certe</strong></span> <span class='ocrx_word' id='word_1_224' title='bbox 980 3454 1039 3494; x_wconf 88' lang='lat' dir='ltr'><strong>uon</strong></span> <span class='ocrx_word' id='word_1_225' title='bbox 1062 3434 1172 3494; x_wconf 84' lang='lat' dir='ltr'><strong>licere?</strong></span> 
     </span>
     <span class='ocr_line' id='line_1_31' title="bbox 302 3518 1170 3598; baseline 0.022 -23"><span class='ocrx_word' id='word_1_226' title='bbox 302 3518 431 3580; x_wconf 89' lang='lat' dir='ltr'><strong>Primum</strong></span> <span class='ocrx_word' id='word_1_227' title='bbox 451 3523 538 3598; x_wconf 85' lang='lat' dir='ltr'><strong>igitur</strong></span> <span class='ocrx_word' id='word_1_228' title='bbox 558 3525 589 3581; x_wconf 90' lang='lat' dir='ltr'><strong>iu</strong></span> <span class='ocrx_word' id='word_1_229' title='bbox 612 3529 688 3586; x_wconf 89' lang='lat' dir='ltr'><strong>banc</strong></span> <span class='ocrx_word' id='word_1_230' title='bbox 710 3548 771 3588; x_wconf 89' lang='lat' dir='ltr'><strong>rem</strong></span> <span class='ocrx_word' id='word_1_231' title='bbox 795 3538 899 3591; x_wconf 83' lang='lat' dir='ltr'><strong>testem</strong></span> <span class='ocrx_word' id='word_1_232' title='bbox 923 3540 1013 3592; x_wconf 90' lang='lat' dir='ltr'><strong>totam</strong></span> <span class='ocrx_word' id='word_1_233' title='bbox 1038 3536 1170 3594; x_wconf 86' lang='lat' dir='ltr'><strong>Siciliam</strong></span> 
     </span>
     <span class='ocr_line' id='line_1_32' title="bbox 301 3617 1173 3709; baseline 0.019 -34"><span class='ocrx_word' id='word_1_234' title='bbox 301 3617 415 3677; x_wconf 86' lang='lat' dir='ltr'><strong>citabo:</strong></span> <span class='ocrx_word' id='word_1_235' title='bbox 437 3641 510 3698; x_wconf 87' lang='lat' dir='ltr'><strong>quae</strong></span> <span class='ocrx_word' id='word_1_236' title='bbox 524 3623 597 3681; x_wconf 90' lang='lat' dir='ltr'><strong>mihi</strong></span> <span class='ocrx_word' id='word_1_237' title='bbox 610 3644 667 3684; x_wconf 88' lang='lat' dir='ltr'><strong>una</strong></span> <span class='ocrx_word' id='word_1_238' title='bbox 688 3647 763 3687; x_wconf 83' lang='lat' dir='ltr'><strong>voce</strong></span> <span class='ocrx_word' id='word_1_239' title='bbox 777 3637 936 3692; x_wconf 78' lang='lat' dir='ltr'><strong>statuarum</strong></span> <span class='ocrx_word' id='word_1_240' title='bbox 956 3635 1076 3692; x_wconf 87' lang='lat' dir='ltr'><strong>nomine</strong></span> <span class='ocrx_word' id='word_1_241' title='bbox 1098 3653 1173 3709; x_wconf 83' lang='lat' dir='ltr'><strong>mag·</strong></span> 
     </span>
    </p>
   </div>
   <div class='ocr_carea' id='block_1_5' title="bbox 300 3722 1173 3799">
    <p class='ocr_par' dir='ltr' id='par_1_6' title="bbox 300 3722 1173 3799">
     <span class='ocr_line' id='line_1_33' title="bbox 300 3722 1173 3799; baseline 0.024 -28"><span class='ocrx_word' id='word_1_242' title='bbox 300 3730 367 3774; x_wconf 89' lang='lat' dir='ltr'><strong>uam</strong></span> <span class='ocrx_word' id='word_1_243' title='bbox 381 3722 536 3791; x_wconf 86' lang='lat' dir='ltr'><strong>pecuniam</strong></span> <span class='ocrx_word' id='word_1_244' title='bbox 548 3726 670 3799; x_wconf 86' lang='lat' dir='ltr'><strong>pervim</strong></span> <span class='ocrx_word' id='word_1_245' title='bbox 685 3734 820 3793; x_wconf 81' lang='lat' dir='ltr'><strong>coactam</strong></span> <span class='ocrx_word' id='word_1_246' title='bbox 829 3750 895 3792; x_wconf 78' lang='lat' dir='ltr'><strong>esse</strong></span> <span class='ocrx_word' id='word_1_247' title='bbox 903 3735 1094 3794; x_wconf 78' lang='lat' dir='ltr'><strong>demonstrat.</strong></span> <span class='ocrx_word' id='word_1_248' title='bbox 1105 3750 1173 3793; x_wconf 86' lang='lat' dir='ltr'><strong>uam</strong></span> 
     </span>
    </p>
   </div>
   <div class='ocr_carea' id='block_1_6' title="bbox 0 0 1354 4675">
    <p class='ocr_par' dir='ltr' id='par_1_7' title="bbox 0 0 1354 4675">
     <span class='ocr_line' id='line_1_34' title="bbox 0 0 1354 4675; baseline 0 1"><span class='ocrx_word' id='word_1_249' title='bbox 0 0 1354 4675; x_wconf 95' lang='lat' dir='ltr'><strong> </strong></span> 
     </span>
    </p>
   </div>
  </div>
 </body>
</html>
