2700 4675
291 498 357 559 30⁸
631 486 667 540 ln
681 484 824 542 vnmld

290 639 411 714 gistrum
424 634 572 693 societatis
585 635 715 707 repertis,
729 650 782 691 vos
788 634 854 706 jam
866 633 1038 707 conjectms
1044 639 1163 714 assequi

290 754 384 810 posse,
397 733 559 808 cujusmodi
578 734 686 806 praedo
703 732 759 789 isto
781 730 813 788 iu
834 732 886 798 illa
899 732 1052 804 provincia
1064 734 1165 807 luerit,

289 851 375 909 qnam
388 835 493 888 multas
505 829 689 903 cupiditates,
701 846 786 904 qnam
800 828 905 897 vadas,
919 847 1005 904 quam
1026 830 1159 892 infinitas

288 931 438 989 habuerit:
459 934 596 1004 quantam
609 927 763 999 pecuniam
776 944 834 984 non
853 928 945 986 solum
967 935 1158 1000 numeratam,

289 1046 390 1085 verum
404 1027 493 1084 etiam
506 1024 669 1100 hujusmodi
682 1025 713 1081 in
728 1026 812 1082 rebus
831 1024 963 1097 positam,
981 1027 1158 1086 contecerit:

288 1143 361 1202 qnae
383 1123 466 1181 vobis
490 1123 548 1180 alio
572 1126 638 1179 loco
658 1122 773 1195 planius
794 1123 1024 1195 explicabuntur.
1065 1127 1156 1193 Nunc

286 1223 344 1280 lioc
365 1220 517 1280 attendite.
558 1220 612 1278 His
635 1219 893 1292 exportationibus,
914 1239 987 1295 quae
1011 1222 1153 1282 recitatae

285 1326 362 1388 sunt,
383 1320 483 1378 scribit
501 1318 587 1377 ⁹H·S
601 1338 643 1376 nx
656 1318 752 1376 socios
771 1321 927 1393 perdidisse
950 1338 987 1377 ex
1010 1322 1155 1381 vicesima

284 1420 403 1493 portorii
419 1418 580 1492 Syracusis.
622 1418 759 1476 Pauculis
778 1418 866 1491 igitur
886 1417 1039 1486 mensibus,
1062 1425 1095 1477 ut
1119 1421 1153 1482 hi

284 1517 382 1589 pusilli
403 1523 433 1573 st
457 1516 598 1573 contemti
619 1516 712 1573 libelli
737 1515 878 1584 indicant,
906 1516 979 1574 lurta
1002 1521 1155 1596 praetoris,
1243 1537 1248 1541 ·

282 1630 356 1686 qnae
371 1619 468 1669 essent
484 1615 546 1668 H·S
561 1613 728 1680 duodecies,
739 1632 777 1670 ex
792 1632 850 1674 uno
863 1616 971 1687 oppido
981 1618 1043 1674 solo
1050 1635 1152 1690 expor-

281 1714 343 1767 tata
356 1714 430 1764 sunt.
472 1691 608 1780 Cogitate
627 1726 714 1773 nnnc,
728 1726 795 1765 cum
811 1709 866 1774 illa
887 1714 926 1768 sit
948 1715 1021 1771 haec
1045 1714 1149 1785 insula,

280 1824 354 1883 quoe
365 1807 490 1881 undique
500 1806 596 1864 exitus
610 1804 768 1863 maritImos
782 1808 897 1876 habeat,
905 1811 974 1883 quid
990 1830 1028 1869 ex
1041 1814 1147 1887 ceteris

269 1906 354 1966 locis
368 1910 547 1978 exportatum
562 1904 683 1975 putetis:
704 1903 773 1977 quid
789 1906 960 1978 Agrigento,
975 1910 1044 1984 quid
1065 1912 1147 1985 Lily-

279 2004 363 2071 baeo,
376 2004 444 2078 quid
459 2004 610 2063 Panormo,
624 2002 692 2075 quid
706 2002 854 2072 Thermis,
865 2006 933 2079 quid
949 2008 1067 2077 Haleso,
1077 2012 1147 2085 quid

279 2101 402 2167 (latina,
410 2101 476 2175 quid
491 2118 529 2156 ex
542 2099 647 2155 ceteris
660 2099 789 2173 oppidis:
810 2102 879 2176 quid
899 2122 971 2161 vero
992 2106 1146 2187 Messana5

277 2217 363 2275 quem
376 2200 431 2254 iste
444 2198 500 2253 sibi
514 2201 608 2254 locnm
623 2197 751 2256 maxime
765 2205 857 2262 tutum
867 2202 1074 2275 arbitrabatur3
1095 2208 1145 2264 ubi

276 2296 374 2356 animo
394 2313 507 2370 semper
529 2299 624 2353 soluto
645 2294 792 2371 liberoque
814 2304 886 2368 erat,
909 2303 983 2375 quod
1007 2303 1062 2360 sibi
1086 2306 1143 2375 iste

276 2395 466 2453 Mamertinos
479 2397 635 2468 delegerat,
649 2396 686 2451 ad
704 2413 774 2468 quos
794 2399 902 2464 omnia,
916 2417 987 2473 quae
1007 2406 1057 2458 aut
1076 2403 1141 2460 dili·

274 2496 389 2568 gentius
408 2494 560 2560 servanda,
583 2498 632 2549 aut
666 2493 807 2551 occultius
838 2499 1017 2568 exportanda
1049 2506 1141 2573 erant,

272 2593 446 2664 deportaret.
501 2591 555 2648 His
580 2591 708 2648 inventis
731 2591 848 2658 libellis,
870 2595 962 2650 ceteri
986 2598 1090 2655 remoti
1112 2603 1142 2655 et

272 2691 439 2763 diligentius
453 2695 520 2745 sunt
534 2672 693 2745 reconditi:
714 2707 766 2745 nos
792 2698 897 2758 tamen,
920 2698 962 2756 nt¹
975 2711 1076 2751 omnes
1096 2696 1140 2753 in.-

271 2790 414 2860 telligant,
429 2790 483 2844 hoc
498 2806 549 2844 nos
563 2788 626 2844 sine
646 2787 806 2859 cupiditate
823 2807 919 2863 agere,
942 2791 988 2848 his
1013 2793 1083 2866 ipsis
1105 2794 1139 2859 li·

270 2886 355 2943 bellis
370 2887 501 2943 contenti
516 2904 621 2943 sumus.

218 2988 258 3048 76
311 2986 397 3040 Nunc
411 2987 448 3039 ad
461 2985 602 3040 sociorum
618 2984 728 3040 tabulas
742 2985 858 3058 accepti
872 2989 902 3042 et
919 2986 1050 3059 expensi,
1066 3007 1138 3062 quas

267 3095 417 3134 removere
432 3083 553 3136 honeste
568 3085 648 3137 nullo
669 3083 754 3138 modo
775 3089 935 3154 potuerunt,
949 3089 979 3138 et
1001 3085 1038 3138 ad
1065 3087 1137 3143 anri-

267 3190 332 3236 cnm
356 3179 434 3227 tuum
457 3175 655 3244 Carpinatium
677 3187 859 3236 revertemur.
902 3181 1133 3253 inspiciebamus

267 3270 456 3348 Syracusiae
478 3269 648 3341 Carpinatio
669 3277 818 3334 consectas
839 3281 950 3335 tabulas
972 3280 1134 3346 societatis,

264 3391 336 3448 quae
346 3368 555 3442 significabant,
564 3369 659 3426 multis
671 3373 835 3431 nominibus
847 3373 916 3432 ³eos
926 3377 1059 3435 homines
1072 3397 1134 3435 ver-

292 3524 305 3557 2
320 3523 371 3569 HS
387 3539 415 3569 nr
426 3520 490 3568 maiae
496 3521 557 3576 perd.
573 3547 583 3554 -
598 3523 683 3578 -surtn
693 3539 747 3582 pana
757 3526 1027 3590 ermensendam]
1059 3530 1133 3578 lsoons

262 3581 299 3628 hic
309 3590 343 3628 est
353 3582 441 3639 insignis
451 3586 474 3626 et
493 3580 599 3624 notandus
610 3582 718 3636 studiosis,
730 3585 758 3629 ad
773 3584 949 3643 intelligendum,
960 3587 1014 3648 quid
1025 3587 1132 3636 differant

261 3641 371 3686 ernstius
381 3645 404 3684 ct
414 3638 542 3685 solertium.
552 3641 573 3680 et
592 3638 634 3684 vim
652 3642 736 3687 torm-re
745 3642 814 3689 decies
824 3645 955 3701 solertium,
966 3660 1032 3705 quam
1048 3648 1131 3707 primus

260 3697 313 3744 satis
329 3697 385 3742 bene
395 3697 512 3756 explicavit
523 3696 544 3740 J.
557 3694 594 3740 l'r.
606 3697 737 3746 Gronovius.

290 3773 379 3818 ³ecsls.
391 3788 506 3819 uersuram
522 3789 534 3815 u
552 3774 683 3830 opinatio
694 3778 799 3839 fedare]
826 3780 852 3826 ln
869 3780 912 3829 hoc
929 3786 1017 3839 ettoto
1032 3783 1084 3831 loco
1100 3785 1130 3837 de

259 3829 388 3890 Carpinatio
401 3832 488 3876 difficile
503 3832 574 3877 videri
589 3839 663 3892 potest
672 3837 702 3882 ad
712 3837 887 3899 intelligendum,
897 3842 1010 3902 quomodo
1026 3842 1126 3904 pectinis
