2700 4675
305 581 347 642 ιη
678 576 801 625 onusto

303 720 323 754 ⁴³
334 740 409 781 mors
423 724 544 781 honesto
557 739 644 797 saepe
658 724 752 782 vitum
772 740 881 799 quoque
901 726 1019 793 turpem
1035 729 1182 782 exornet:

304 821 368 878 vits
381 822 470 895 turpis
484 842 521 881 ne
532 824 618 881 morti
630 825 746 898 quidem
760 824 898 879 honestae
913 823 1014 877 locum
1029 823 1181 899 relinquit

304 920 382 994 Ergo
395 921 522 989 hercule,
535 924 615 995 cujus
629 925 705 979 bona
719 941 756 979 ex
771 921 868 978 edicto
882 918 1084 992 possidentur,
1099 923 1183 994 hujus

304 1018 398 1074 omnls
410 1018 487 1074 sume
497 1023 526 1074 et
536 1018 715 1075 existimatio
728 1037 794 1077 cum
805 1018 888 1075 bonis
898 1017 982 1073 simul
994 1019 1181 1090 possidetur:

305 1116 342 1171 de
356 1132 412 1187 qno
425 1115 518 1172 libelli
532 1116 563 1172 in
577 1117 772 1172 celeberrimis
791 1116 864 1172 locis
885 1122 1101 1188 proponuntur,
1116 1116 1181 1173 buis

303 1209 326 1242 ⁴⁰
334 1229 371 1268 ne
380 1213 472 1286 perire
482 1215 600 1289 quidem
610 1220 688 1270 certe
700 1214 788 1270 tacite
797 1216 973 1287 obscureque
984 1216 1181 1273 oonccdltur:

305 1310 353 1367 cui
367 1312 495 1385 magistri
512 1314 593 1380 fiunt,
611 1318 641 1368 et
666 1312 777 1369 domini
801 1312 1023 1379 constituuntur,
1039 1313 1103 1386 qui,
1125 1329 1180 1389 qne

304 1411 370 1483 lege
383 1416 414 1467 et
434 1430 489 1485 quo
510 1412 678 1470 conditione
703 1417 810 1485 pereat,
831 1410 1045 1483 pronuncient:
1067 1413 1179 1486 dequo

305 1508 422 1566 homine
436 1512 586 1583 praeconis
603 1529 660 1566 vox
675 1511 833 1582 praedicat,
847 1514 877 1564 et
897 1507 1021 1581 pretium
1035 1509 1180 1578 conficit3

305 1604 374 1662 buic
388 1608 606 1664 acerbissimum
629 1608 701 1663 vivo
721 1607 742 1639 ⁴⁷
754 1606 923 1679 videntique
945 1606 1030 1662 funus
1046 1607 1182 1665 ducitur:

305 1702 331 1758 si
343 1703 426 1759 sunus
439 1706 470 1761 id
490 1707 654 1762 babendum
668 1705 715 1772 sit,
729 1722 785 1777 quo
806 1722 863 1761 non
886 1703 974 1762 amici
990 1706 1180 1764 conveniunt

306 1802 343 1861 ed
357 1805 507 1879 exsequias
522 1801 762 1871 cohonestandns,
776 1805 827 1859 sed
841 1806 977 1859 bonorum
992 1808 1133 1874 emtores,
1149 1810 1179 1862 ut

305 1905 466 1972 carnifices,
480 1907 516 1960 ud
531 1903 665 1978 reliquias
680 1903 759 1959 vitae
780 1903 949 1959 lacerandas
969 1905 999 1957 et
1011 1902 1178 1961 distrahen-

253 1990 365 2063 16dns.
407 2007 507 2079 ltaque
529 2004 650 2078 majores
672 2002 763 2059 nostri
785 2019 848 2058 raro
871 2001 902 2057 id
920 1999 1055 2056 accidere
1075 2004 1178 2059 volne-

304 2108 385 2172 rnnt3
406 2110 560 2175 praetores,
575 2110 606 2158 ut
620 2102 801 2159 considerate
816 2102 905 2166 fieret,
920 2105 1177 2172 comparaverunt.

304 2201 363 2256 viri
390 2201 467 2265 boni,
494 2216 561 2254 eum
588 2202 684 2271 palam
707 2199 882 2264 fraudantur,
906 2214 971 2253 cum
999 2198 1177 2269 experiundi

303 2301 429 2372 potestas
443 2314 502 2354 non
526 2300 579 2361 est,
601 2296 702 2354 timide
727 2302 823 2353 tomen
846 2302 876 2353 et
898 2293 1079 2369 pedetentim
1097 2296 1177 2354 istuc

304 2397 492 2462 descendunt,
514 2394 543 2451 vi
569 2411 605 2451 nc
629 2392 805 2450 necessitate
827 2393 932 2459 consti,
953 2392 1051 2459 inviti,
1075 2395 1177 2452 multis

304 2515 342 2555 ve
364 2496 371 2510 ‘
404 2495 478 2553 oniis
499 2494 629 2562 desertis,
645 2509 732 2567 saepe
746 2491 824 2550 illusi
837 2510 872 2549 ac
886 2490 1025 2547 destituti.
1068 2492 1177 2550 Consi·

304 2499 506 2668 dedaxrnim
520 2594 589 2668 quid
610 2597 640 2649 et
661 2600 799 2667 quantum
820 2591 867 2658 sit,
881 2590 998 2646 alterius
1019 2590 1095 2645 bonu
1111 2609 1179 2664 pro-

304 2674 439 2748 scribere.
480 2693 498 2746 J
502 2693 618 2763 ugulere
632 2691 739 2754 civem,
754 2708 790 2745 ne
805 2690 871 2760 jure
891 2690 1007 2762 quidem
1024 2689 1180 2764 quisquam

305 2789 396 2845 bonus
423 2791 503 2843 vult:
533 2788 645 2842 mavult
671 2787 751 2842 enim
778 2803 1010 2853 commemorare,
1037 2800 1079 2854 se,
1103 2806 1176 2847 eum

303 2891 401 2960 posset
413 2887 541 2959 perdere,
555 2885 728 2959 pepercisse,
742 2902 835 2959 quern,
848 2902 915 2942 cum
935 2901 1052 2957 parcere
1073 2893 1179 2958 potue-

304 2985 350 3052 rit,
365 2985 533 3057 perdidisse.
576 2985 659 3039 Haeo
679 2983 710 3038 in
732 2983 863 3039 homines
878 2983 1080 3050 alienissimos,
1094 2985 1180 3044 deni·

304 3101 359 3156 que
374 3083 597 3148 inimicissimos,
612 3080 668 3137 viri
680 3082 878 3150 bonifacium,
889 3087 919 3138 et
933 3081 1082 3138 hominum
1096 3085 1180 3142 exis·

338 3237 359 3269 ⁴⁵
373 3237 525 3283 mersionem
539 3263 549 3270 -
563 3263 573 3271 -
587 3237 695 3296 erenei]
726 3238 785 3283 Sane
794 3236 869 3283 durior
879 3239 912 3281 est
927 3234 1042 3291 sententia,
1052 3232 1070 3278 si
1081 3234 1178 3284 verbnm

305 3300 396 3342 coornat
419 3295 498 3341 ressius
507 3295 660 3356 interpretem.
692 3296 737 3341 Sed
754 3310 798 3342 non
814 3296 904 3341 videtur
913 3294 936 3340 id
951 3294 1042 3339 “verbum
1057 3292 1087 3337 ud
1098 3292 1178 3342 vivum

304 3311 453 3401 resecandum.
485 3356 614 3411 Sensusest,
625 3354 691 3416 siqui
709 3355 808 3411 honeste,
823 3357 849 3399 nt
863 3368 905 3415 pro
920 3352 992 3422 petris
1010 3365 1117 3412 pugnans,
1128 3358 1176 3401 etc.

304 3412 404 3468 moritur,
417 3412 523 3458 obliterat
533 3429 560 3459 ea
573 3428 631 3460 mors
640 3413 770 3459 memoriam
785 3411 845 3458 vitae
855 3410 980 3471 superroris,
990 3411 1106 3456 honestate
1116 3425 1178 3457 mor·

304 3469 340 3516 tis.
371 3473 414 3518 Sed
425 3477 498 3518 tamen
508 3473 580 3517 altera
588 3472 758 3518 consisterenon
767 3475 848 3531 potest,
855 3474 881 3515 ut
890 3475 925 3514 est
934 3469 957 3514 in
964 3467 1028 3513 libris
1037 3482 1079 3512 scr.
1087 3471 1112 3512 et
1119 3469 1175 3518 edu.

304 3529 444 3577 Fesciolatus
452 3531 576 3588 corrigebat
585 3531 631 3576 nito
642 3531 675 3576 ita
684 3530 763 3586 turpis.
774 3534 800 3575 ut
808 3543 838 3574 sc.
850 3531 884 3573 est
892 3542 927 3584 ea,
938 3541 1004 3589 quam
1013 3524 1125 3585 descripsi.

334 3609 355 3640 ⁴⁶
370 3625 397 3656 ne
411 3610 485 3665 perire
494 3606 583 3667 peridem
595 3609 659 3668 certe]
676 3624 698 3654 v.
709 3623 767 3668 supr.
779 3607 836 3652 ade.
855 3606 872 3652 l.
904 3606 974 3652 Abest
984 3610 1060 3650 tamen
1069 3603 1106 3649 hic
1117 3612 1177 3654 certe

304 3667 374 3713 eMs.
384 3669 463 3713 Franc.
476 3667 516 3713 Dr.
528 3670 552 3710 st
561 3667 596 3712 ed.
610 3667 645 3711 W,
679 3667 757 3726 ltaque
766 3665 852 3711 delevit
862 3664 979 3712 Graevius.

333 3746 356 3779 ⁴⁷
371 3745 495 3802 videntique
501 3742 580 3798 sunm
591 3744 701 3802 ducitur]
733 3743 770 3789 Sic
780 3742 839 3789 edidi
849 3758 898 3789 cum
909 3742 1014 3798 Graevio,
1025 3743 1094 3788 otest
1104 3740 1128 3788 iu
1139 3744 1178 3790 ed.

304 3805 341 3849 W.
372 3803 494 3856 indicitur,
512 3801 571 3861 quod
585 3801 657 3848 edidit
671 3801 787 3860 Gmterus,
802 3806 837 3848 est
853 3802 877 3849 in
892 3803 942 3848 odd.
960 3816 993 3862 pr.
1011 3800 1131 3862 plerisque,
1149 3809 1177 3849 nt

306 3863 372 3908 Rom.
384 3860 421 3906 Br.
435 3861 496 3907 148⁰.
508 3861 532 3904 et
541 3872 601 3920 seqq.
