2700 4675
472 622 544 675 sor.
561 622 852 676 nmannrnnrns.
1033 623 1097 687 ill

232 770 372 829 heredem
384 769 484 831 filiam.
526 774 626 848 ltaque
640 775 697 833 lroe
711 787 847 845 magnum
854 767 997 844 judicium
1013 767 1104 839 pomi·

233 885 304 926 num
317 871 355 926 de
369 870 452 927 istius
471 871 609 944 singulari
628 871 822 945 improbitate,
841 870 917 942 quod
932 869 1040 925 Verres
1052 883 1105 925 sua

233 976 337 1041 sponte
359 968 542 1036 instituisset,
561 967 622 1027 ι’ἱιΙ
646 969 792 1029 nerninem
816 968 961 1034 metuisse,
982 983 1021 1023 ne
1042 964 1104 1038 quis

234 1065 415 1138 reperiretur,
429 1067 479 1141 qui
493 1064 588 1144 [istius
601 1063 776 1142 institutum]
790 1065 871 1138 sequi
886 1066 985 1120 vellet.
1018 1064 1104 1119 Solus

235 1163 317 1221 enim
341 1172 370 1221 tu
393 1164 591 1231 inventum,
615 1165 663 1221 cui
686 1181 745 1221 non
772 1166 843 1219 satis
856 1161 942 1219 luerit
960 1160 1104 1234 corrigere

236 1263 401 1318 voluntates
411 1263 553 1329 vivorum,
562 1262 619 1320 nisi
630 1262 720 1321 etiam
730 1262 909 1321 rescinderes
920 1265 1104 1317 mortuorum.

238 1357 286 1415 'ru
300 1358 362 1430 ipse
381 1377 420 1418 ex
441 1359 592 1418 Siciliensi
604 1361 704 1418 edicto
728 1362 785 1417 hoe
807 1358 956 1416 sustulisti.
979 1355 1105 1423 voluisti,

235 1473 273 1514 ex
307 1456 468 1529 improviso
488 1459 514 1515 si
538 1476 680 1531 quaeres
704 1463 790 1515 natae
812 1462 919 1523 essent,
941 1474 979 1512 es
998 1456 1106 1513 urbano

237 1553 336 1611 edicto
358 1556 526 1614 decernere.
547 1574 630 1630 quam
653 1562 752 1629 postea
776 1563 805 1612 tu
829 1555 882 1612 libi
909 1554 1106 1610 defensionem

237 1653 429 1726 relinquebas,
448 1653 510 1711 ¹⁶in
524 1672 559 1711 es
574 1654 864 1720 maximeoll'endisli,
874 1670 942 1709 cum
952 1661 1031 1709 tuam
1040 1667 1106 1706 auo·

236 1750 382 1808 toritatem
395 1756 457 1809 tute
478 1752 541 1824 ipse
556 1754 653 1810 edicto
666 1751 836 1826 provinciali
850 1751 1031 1824 repudiabas.
1054 1750 1107 1806 nt·
1116 1750 1159 1811 44

238 1867 295 1924 que
309 1867 363 1922 ego
386 1867 443 1907 non
464 1851 574 1917 dubito,
587 1851 666 1924 quin,
687 1857 718 1907 nt
732 1850 814 1916 mihi,
834 1849 883 1906 eui
907 1849 968 1905 filis
980 1846 1107 1904 maxime

237 1947 320 2005 cordi
332 1955 386 2013 est,
409 1952 454 2004 sic
479 1948 632 2021 unicuique
657 1952 795 2014 vestrum,
820 1946 871 2021 qui
897 1945 987 2002 simili
1013 1961 1109 2012 sensu,

239 2051 327 2117 atque
347 2044 528 2117 indulgentia
550 2044 672 2101 filiarum
693 2043 929 2111 commovemini,
947 2041 1021 2099 nres
1035 2043 1109 2098 haec

239 2145 344 2200 noerbn
370 2143 503 2201 videatur
525 2148 610 2217 utque
633 2141 762 2216 indigna.
805 2142 883 2214 Quid
906 2141 986 2198 enim
1008 2146 1109 2198 nature

238 2241 323 2298 nobis
330 2240 495 2314 jucundius,
508 2241 577 2315 quid
590 2241 684 2299 cadus
698 2259 762 2299 esse
772 2237 889 2299 voluit?
907 2240 977 2319 quid
990 2244 1035 2297 est
1047 2240 1109 2312 dig·

239 2340 314 2406 nius,
328 2341 358 2397 in
373 2359 430 2416 quo
442 2342 536 2399 omnis
548 2348 646 2398 nostra
664 2339 685 2373 ι’
694 2341 848 2414 diligentia
871 2339 1113 2413 indulgentiaque

239 2436 447 2499 consumatur?
467 2440 564 2496 Homo
582 2439 833 2508 importunissime,
846 2455 898 2495 cur
911 2443 1023 2493 tantmn
1035 2438 1108 2509 inju-

239 2536 313 2598 riam
341 2536 373 2592 P.
397 2536 498 2593 Annio
524 2540 636 2591 mortuo
657 2532 774 2592 lecisti?
793 2551 845 2591 eur
868 2536 946 2592 hunc
981 2536 1110 2592 dolorem

241 2633 335 2691 cineri
348 2632 410 2705 ejus
423 2638 508 2705 utque
521 2632 632 2689 ossibus
645 2632 785 2700 inussisti,
803 2639 832 2689 ut
848 2632 946 2691 liberis
958 2632 1020 2706 ejus
1034 2636 1109 2690 bono

241 2729 344 2804 patria,
358 2731 507 2787 voluntate
522 2728 620 2803 patris,
632 2729 709 2802 jure,
723 2730 833 2803 legibus
847 2733 961 2800 tradita,
974 2731 1110 2803 eriperes,

242 2834 282 2897 et,
291 2829 339 2886 cui
355 2828 407 2886 libi
416 2834 492 2885 esset
505 2828 698 2894 commodum,
711 2826 911 2886 condonares?
931 2829 1110 2899 Quibuscum

243 2928 308 2987 vivi
323 2930 398 2985 bona
412 2933 509 2985 nostra
521 2926 669 3001 partimur,
682 2925 719 2983 iis
732 2931 846 2998 praetor
865 2926 1003 2991 odimere,
1026 2924 1112 2983 nobie

270 3081 292 3115 ¹⁵
305 3082 331 3128 id
343 3082 404 3129 nerra·
403 3083 589 3143 mettin
557 3078 745 3129 ffieoomtruotio
760 3093 804 3127 non
818 3081 912 3126 constat
940 3077 1032 3148 Nempe
1045 3077 1112 3148 {diso

242 3141 437 3188 instituurmests
403 3097 526 3199 micam
470 3142 596 3209 osraqnod
610 3145 729 3210 propterea
738 3138 799 3186 meis
816 3137 902 3185 inclini.
917 3136 985 3184 miror
1000 3137 1111 3184 neminem

242 3199 393 3245 menealne
412 3156 708 3246 CeterumluodesmitMs.
719 3197 794 3245 Guell.
805 3196 1111 3258 etpsrvoinmedlnpaginn

243 3256 536 3317 intervallolnetosequltor
552 3258 579 3303 1..
590 3257 630 3303 lV.
645 3255 786 3317 eumquinto

274 3331 1113 3403 ¹⁶tnnmtn311.eamtunoneomervasti,sedleostr,utquqd

244 3405 307 3497 m
295 3396 319 3437 te
322 3393 496 3496 ffipffieffih
490 3407 497 3436 ι
519 3392 567 3449 jam
576 3396 654 3438 rontm
663 3397 688 3439 te
696 3398 761 3440 esset.
792 3390 902 3440 Graevius
919 3390 989 3438 tacite
1001 3363 1112 3438 edidrtr‘n

491 3466 523 3497 us.

275 3528 298 3561 ¹⁷
311 3542 346 3573 ru
358 3528 410 3573 lineo
423 3529 500 3575 ιιιτόα
509 3529 613 3575 ndentes·
621 3532 684 3589 utque
697 3528 812 3590 indigen]
842 3527 907 3576 Haec
920 3528 992 3575 verba
997 3527 1114 3576 manifeste

245 3585 720 3658 nnstiinlbrisomnibusnlienolocopost
729 3587 845 3634 eorddert:
839 3601 954 3635 ·uesun
925 3592 1112 3635 neostsornnn·

245 3594 757 3763 amniponendaffietcidedurmdieat,
772 3660 814 3707 pro
830 3647 912 3707 quode
991 3658 1039 3691 esse
1053 3645 1113 3691 cide·

190 3720 192 3723 ’
246 3708 292 3759 tur,
302 3710 326 3749 ut
336 3709 359 3749 et
376 3703 443 3750 sensit
516 3704 591 3751 binus·
608 3708 686 3774 estque
700 3704 773 3752 orado
787 3706 932 3762 numerosior,
947 3704 966 3751 si
985 3703 1027 3749 illa
1043 3702 1113 3750 vute

246 3770 359 3823 ponuntur
368 3778 390 3809 ιιι
400 3765 448 3809 dne
481 3739 656 3824 ltaquesiolee‘e

273 3842 293 3874 ¹⁸
308 3841 443 3899 etgarus
434 3841 635 3911 indulgentium]
666 3839 1117 3913 Proprietnsohervandahomrnverbo·

246 3900 411 3950 minuere.
425 3899 1113 3963 deposimlpsueuoeuotugmuuqmtmlmu,
1179 3907 1217 4136 f
