2700 4675
555 537 783 589 umommn
1040 539 1104 603 na

238 683 301 742 H·S
316 682 481 759 quingentis
501 684 629 746 millibus
641 685 792 765 depositis,
811 683 843 741 id
862 701 895 741 ae
913 683 1105 758 perfecturum

234 781 438 855 polliceretur:
462 787 494 839 et
512 782 599 841 luisse
619 790 720 842 tamen
739 784 903 850 nonnullos,
923 781 974 858 qui
991 799 1024 838 ae
1046 797 1105 839 uua

235 879 362 936 tacturos
383 897 448 937 ease
466 880 608 939 dicerent.
650 883 734 954 Quae
758 898 826 938 cum
847 881 889 938 ita
907 876 1014 947 eiaent,
1034 894 1104 937 vane

234 978 374 1036 benivolo
387 979 486 1036 animo
498 996 556 1046 me,
575 983 607 1036 ut
620 991 796 1054 magnopere
808 995 957 1046 caverem,
977 993 1105 1052 praemo-

237 1078 336 1135 nebat
391 1077 576 1136 Sollicitabar
600 1078 686 1134 rebua
710 1077 844 1135 maximia
871 1093 930 1135 uno
955 1081 1042 1151 atque
1068 1072 1137 1133 enti

238 1174 401 1249 perexiguo
418 1180 557 1249 tempore.
565 1177 707 1249 urgebant
715 1175 851 1233 comitia:
864 1172 924 1233 ³'et
934 1174 966 1231 in
980 1173 1105 1248 biaipaia

239 1276 423 1349 oppugnabar
445 1273 546 1348 grandi
564 1273 698 1347 pecunia.
739 1275 872 1332 Instabat
891 1272 1051 1346 judicium:
1075 1273 1104 1330 ai

238 1388 349 1446 quoque
362 1371 480 1446 negotio
492 1371 556 1429 fisci
579 1371 752 1430 Sicilienses
765 1372 957 1430 minabantur.
998 1373 1106 1444 Agere,

234 1486 306 1544 quae
337 1470 375 1527 acl
405 1469 551 1544 judicium
580 1470 785 1543 pertinebant·
799 1470 901 1536 libere,
922 1469 1107 1527 comitionun

234 1572 314 1626 metu
327 1568 506 1626 deterrebar:
521 1567 657 1642 petitioni
671 1572 734 1626 toto
747 1567 847 1625 animo
860 1567 978 1636 servire,
991 1572 1107 1642 propter

229 1665 382 1741 judicium,
403 1684 464 1723 non
489 1666 606 1724 licebat.
648 1665 759 1724 Minari
780 1666 905 1741 denique
931 1665 1105 1724 divisoribus

236 1764 311 1822 ratic
319 1781 380 1821 non
390 1769 461 1833 erat,
471 1769 622 1838 propterea
632 1767 708 1840 quod
722 1781 772 1822 eea
783 1765 947 1839 intelligere
959 1763 1105 1832 videbam,

237 1879 285 1921 me
298 1863 355 1919 boc
363 1861 478 1937 judicic
495 1860 516 1894 ³³
524 1862 687 1920 districtum
701 1866 786 1937 atque
799 1862 959 1935 obligatum
969 1863 1106 1922 futurum.

240 1961 338 2034 Atque
366 1961 422 2016 boc
449 1959 513 2032 ipso
531 1965 661 2032 tempore
690 1959 798 2016 Siculis
819 1959 1019 2016 denuntiatum
1042 1977 1106 2016 esve

240 2058 335 2127 audio,
349 2058 470 2132 primum
484 2058 521 2115 ab
536 2057 703 2125 Hortensio,
713 2056 829 2114 donnum
842 2058 878 2114 ad
889 2056 970 2114 illum
980 2064 1012 2114 ut
1025 2056 1109 2114 veni·

239 2161 321 2214 rent:
348 2156 462 2214 Siculos
475 2173 546 2212 sane
561 2155 593 2213 in
607 2173 644 2212 ea
656 2156 762 2231 liberos
776 2155 873 2224 luisse,
892 2152 979 2230 ”qni
992 2172 1107 2231 quamn·

239 2255 319 2312 brem
326 2259 545 2321 arcesserentur,
553 2271 620 2311 cum
628 2253 834 2327 intelligerent,
843 2271 902 2312 non
911 2254 1036 2312 venisse.
1057 2255 1106 2314 lu·

238 2359 318 2411 terea
330 2352 449 2411 comitia
457 2358 564 2422 nostra,
572 2348 691 2428 quorun]
704 2356 761 2411 iate
774 2371 815 2422 ae,
828 2359 860 2411 ut
873 2358 1035 2411 ceterorum
1047 2353 1105 2412 hoc

237 2470 314 2511 anno
333 2451 517 2509 comitiorum
534 2451 684 2508 dominum
702 2468 766 2507 esec
788 2451 989 2517 arbitrabatur,
1004 2450 1106 2507 baberi

238 2554 427 2623 coeptasunt.
445 2546 594 2604 *cursare
602 2546 1106 2619 istahomopotenacumfilioblan·

240 2649 279 2705 (le
287 2651 318 2703 et
330 2646 467 2719 gratioso,
474 2644 584 2701 circum
595 2643 702 2700 tribus:
716 2648 850 2717 paternae
858 2644 976 2713 amicos,
987 2647 1043 2703 hoc
1052 2650 1108 2715 eat,

239 2746 393 2811 divisores,
407 2743 553 2815 appellare
566 2758 667 2798 omnes
681 2746 711 2798 et
724 2745 894 2800 convenire.
934 2744 1019 2816 Quod
1039 2762 1110 2802 cunr.

239 2847 317 2901 esset
330 2842 511 2899 intellectum
524 2843 553 2894 et
563 2837 797 2895 animadversum
808 2858 815 2894 ι
826 2840 896 2897 lecit
905 2840 1003 2898 animo
1016 2842 1106 2900 liben·
1216 2848 1224 2854 '

240 2942 352 2999 tbsimc
375 2939 497 3013 populus
517 2937 674 3004 Romanus,
694 2942 741 3005 ut‚.
760 2938 841 3011 cujus
861 2937 983 2995 divitiae
1003 2940 1107 2996 mede

270 3095 294 3129 θ’
308 3093 454 3155 Misimia]
484 3092 582 3140 Videtur
592 3091 718 3139 addendum
727 3092 760 3138 ira
771 3091 807 3138 triv
820 3092 875 3148 ipris
884 3106 936 3137 cara
952 3096 987 3139 eat
999 3092 1052 3154 ipaia
1059 3092 1106 3140 die·

240 3154 280 3202 bus
289 3154 435 3200 comitiorum.
466 3152 538 3199 Etvic
546 3157 582 3200 eat
590 3152 613 3199 in
622 3152 670 3199 Ma
682 3151 725 3199 Gu.
737 3151 813 3211 itaque
821 3150 906 3195 addidi.

448 3236 511 3290 aaa
546 3231 648 3300 agana
691 3229 896 3284 AdAttichlL
918 3231 1001 3274 reat
1048 3232 1055 3243 ·
1101 3229 1108 3246 ·

242 3295 306 3349 atquae
320 3289 438 3345 impediri:
453 3288 683 3391 undeconJreLgoasrt,
698 3288 734 3333 hic
749 3303 837 3349 quoque
846 3287 963 3356 legendum
972 3302 1018 3334 ease
1062 3290 1068 3302 ¹

241 3354 313 3452 mah
324 3348 372 3450 vsi?
383 3349 438 3393 baec
453 3346 522 3392 verba
535 3347 565 3392 de
579 3345 595 3391 i‘
622 3360 658 3392 em
667 3346 734 3392 rebus
747 3347 870 3406 promiscue
886 3346 994 3392 drcuntrrr·
1007 3361 1029 3392 v.
1040 3347 1106 3395 clav.

272 3486 295 3518 ³²
308 3484 356 3543 qui,
365 3484 509 3543 mambrem
519 3483 573 3543 etc]
605 3482 704 3529 Gronov.
721 3482 744 3529 in
758 3482 812 3529 Oba.
823 3488 848 3528 et
861 3482 970 3530 Graevirn
983 3484 1024 3543 qui
1030 3483 1108 3546 belm·

243 3542 417 3601 dumjutlicaut5
431 3543 545 3600 eleganter
560 3556 619 3587 eane.
650 3541 755 3587 Ceterum
770 3542 809 3601 qui
823 3556 868 3589 aaa
882 3542 964 3589 veatae
973 3542 1041 3589 etiam
1050 3542 1107 3591 bene

242 3602 335 3648 latinum
345 3600 442 3654 estetsi
456 3600 607 3646 soloecikmum
622 3614 700 3660 sapere
715 3601 810 3647 videtur.
841 3601 901 3649 Nam
910 3601 933 3648 in
942 3602 1043 3649 oratione
1052 3601 1109 3650 obli·

243 3676 287 3723 qua
298 3667 321 3706 et
336 3660 360 3705 in
369 3660 479 3705 narrando
496 3659 527 3705 sic
537 3659 638 3705 infinitivi
648 3664 781 3720 uwrpantur
789 3660 876 3719 passim.

270 3740 292 3772 ³5
306 3740 406 3785 Cartare
414 3738 461 3797 iste,
470 3738 532 3784 teau
538 3738 631 3799 netem]
662 3738 700 3785 Sic
711 3738 914 3800 interpungendum.
