2700 4675
761 507 890 574 onat'to

389 666 423 720 ut
443 657 598 735 pecuniam
618 677 679 718 non
699 677 737 718 ex
755 659 811 716 tuis
833 657 955 728 tabulis,
970 659 1027 718 sed
1042 675 1085 720 ex
1105 655 1248 720 adversarii

388 757 493 834 petas?
511 777 593 817 suum
606 759 740 818 codicem
754 757 836 816 testis
851 757 917 814 ioco
933 758 1080 830 recitare,
1096 758 1248 836 arrogantis

389 865 444 916 est.
464 857 596 916 'suarum
613 855 853 934 perscriptionum
874 860 905 913 et
926 855 1091 916 liturarum
1115 856 1248 916 adversari

388 957 515 1032 proferre
535 974 594 1014 non
612 955 741 1014 amentia
755 949 820 1011 est?
841 953 956 1028 Quodsi
970 957 1110 1014 eandem
1132 957 1203 1026 rim,
1215 955 1248 1014 dit

388 1056 527 1128 gentiam,
554 1053 811 1127 auctoritatemque
839 1051 952 1110 habent
975 1054 1170 1126 artversaria‚
1195 1071 1248 1132 quu

389 1155 521 1209 tabulae:
536 1152 604 1228 quid
612 1153 718 1210 attinet
726 1151 859 1210 codicem
870 1150 1056 1212 instituere?
1071 1155 1248 1214 conscribere

387 1231 520 1309 ordinem
549 1248 745 1310 conservare?
778 1249 934 1308 memoriae
963 1253 1090 1311 tradere
1119 1254 1248 1312 litteraru

388 1348 589 1410 vetustatem?
611 1352 670 1410 Sed
684 1350 718 1418 si,
732 1349 807 1424 quod
825 1347 1002 1406 adversariis
1026 1351 1110 1410 nihii
1125 1351 1248 1410 credimu

389 1448 502 1509 idcirco
531 1450 664 1508 codicem
688 1448 812 1506 scribere
840 1445 1043 1505 instituimus:
1081 1452 1162 1526 quod
1191 1448 1248 1509 etta

389 1548 465 1622 apud
487 1565 588 1606 omnes
610 1550 678 1605 leve
700 1552 731 1604 et
750 1546 892 1603 infirmum
913 1549 968 1611 est,
987 1545 1019 1602 id
1044 1551 1129 1624 apud
1145 1550 1248 1624 judice

388 1661 479 1718 grave
493 1650 523 1701 et
537 1650 670 1702 sanctum
683 1662 747 1701 esse
761 1639 902 1702 ducetur?
923 1643 1004 1716 Quid
1020 1651 1082 1716 est,
1093 1650 1174 1724 quod
1190 1649 1248 1724 negt

389 1746 492 1816 genter
505 1743 663 1800 scribamus
676 1738 866 1800 adversaria?
893 1739 1036 1818 quidest,
1052 1748 1136 1822 quod
1157 1748 1248 1822 diliget

390 1841 630 1900 tarconticiamus
638 1839 773 1900 tabutas?
793 1858 848 1916 qua
858 1841 895 1898 de
903 1837 1016 1899 causa?
1038 1843 1248 1920 quiebeecsm

108 2000 110 2023 ι
357 1923 368 1946 ”
389 1948 546 2011 menstrua,
560 1939 628 2002 ittae
648 1946 716 2021 sunt
735 1946 887 1998 aeternae:
909 1939 984 2000 haec
1003 1941 1155 2002 delentur
1170 1943 1248 2002 statir

128 2033 172 2100 '·..'i.
271 2031 288 2096 .'
389 2039 458 2097 ittae
472 2046 624 2099 servantur
643 2045 762 2098 sancte:
784 2040 856 2096 baec
879 2037 964 2112 parvi
978 2042 1128 2116 temporis
1143 2059 1248 2104 memor

108 2135 125 2161 ’“
144 2124 168 2152 '²
253 1947 364 2270 l
390 2151 447 2203 am,
460 2138 528 2193 illae
542 2143 697 2210 perpetuae
711 2135 935 2194 existimationis
946 2136 1038 2196 fidem
1053 2143 1248 2218 etrettgtoae

390 2235 616 2306 amplectuntur:
637 2233 729 2290 ubaeo
751 2239 818 2291 aunt
837 2235 960 2310 dejecta,
982 2234 1058 2296 ittae
1083 2238 1115 2298 ia
1140 2243 1248 2310 ardiae

390 2330 551 2390 coniectae.
601 2332 703 2408 itaque
727 2333 894 2391 adverseris
918 2332 951 2391 in
968 2332 1125 2408 judicium
1155 2340 1248 2417 protul

360 2421 645 2491 3uemotoodicem
669 2433 796 2508 protulit,
818 2434 929 2490 tabulas
950 2432 1106 2495 recitavit.
1154 2436 1248 2509 Tm(

390 2532 470 2601 Piso,
488 2533 540 2590 tati
561 2535 627 2601 tide,
642 2533 758 2601 virtute,
772 2531 924 2607 gravitate,
939 2534 1123 2594 auctoritate
1145 2542 1248 2605 ornatu

389 2647 429 2685 ox
449 2632 621 2687 adversariis
641 2633 795 2704 pecuniam
816 2635 915 2704 petere
934 2647 994 2687 non
1014 2635 1158 2695 auderes.
1201 2638 1248 2711 ug«

390 2743 463 2801 quae
477 2729 556 2783 clara
569 2734 635 2785 suut
655 2729 874 2796 consuetudine,
888 2728 995 2785 diutius
1015 2729 1125 2791 dicere
1149 2736 1248 2795 nondt

390 2826 461 2882 beo:
481 2825 553 2884 iliud
575 2844 654 2896 vero,
674 2830 750 2902 quod
772 2828 890 2885 adrem
911 2827 1110 2889 vehementer
1131 2835 1248 2908 pertine

389 2943 509 3000 quaero:
530 2946 615 3003 qnam
625 2928 736 3002 pridem
745 2930 799 2984 boc
810 2943 924 2993 nomen,
935 2927 1042 2995 Fanni,
1052 2929 1087 2987 in
1100 2932 1248 2993 adversari

389 3023 536 3081 retulisti?
556 3025 724 3081 Erubescit:
758 3025 825 3100 quid
850 3025 1032 3098 respoudeat,
1058 3032 1184 3090 nescit:
1204 3030 1248 3109 qui

389 3118 480 3190 tingat
494 3124 650 3193 extempio,
665 3139 724 3178 non
744 3124 840 3180 habet.
883 3124 957 3180 Sunt
977 3123 1035 3179 duo
1059 3143 1187 3189 meuses
1200 3132 1248 3205 jan

390 3214 481 3272 dices.
521 3215 657 3275 ⁷'l'ameu
679 3219 710 3277 in
731 3222 864 3279 codicem
887 3225 1040 3295 acceptum
1055 3229 1089 3282 et
1104 3244 1248 3303 expensut

418 3368 431 3401 θ
443 3382 538 3415 sacrum
545 3385 627 3427 ρεπεν.
638 3377 658 3418 et
668 3373 732 3424 titur.
743 3373 889 3435 adseruan'n]
920 3373 1001 3420 Paullo
1015 3374 1097 3424 durior
1106 3380 1185 3429 sorum
1194 3380 1248 3431 verb

391 3443 439 3501 nrm
448 3432 492 3498 aab
520 3430 599 3477 Sensus
609 3436 649 3488 eat,
660 3432 794 3501 adversaria,
805 3431 826 3500 ip
840 3432 917 3492 quibus
927 3447 1035 3493 expensae
1045 3442 1071 3483 et
1081 3448 1200 3501 acceptae
1209 3456 1248 3505 pse

390 3503 442 3537 urae
451 3492 547 3549 senptne
555 3496 607 3535 sum
616 3505 665 3536 rum
673 3491 749 3537 multra
758 3489 837 3535 lituris.

420 3568 557 3614 ⁶innectunt
596 3566 653 3614 'ecta
696 3568 756 3619 Quid
766 3566 1036 3626 aitdejecta,eoontmrio
1044 3569 1198 3636 intelligitur,
1229 3578 1248 3627 s<

391 3625 483 3674 liotorn.
496 3631 519 3675 et
529 3627 586 3675 Lanu
602 3661 607 3673 .
619 3642 656 3673 ma
665 3627 732 3675 ebant
741 3627 838 3685 disiecta.

421 3705 432 3739 ⁷
448 3705 534 3753 Tarraca
542 3707 569 3753 in
583 3705 677 3752 codicem
691 3709 802 3761 acceptum
811 3708 831 3749 et
840 3706 976 3767 arpentum]
1007 3706 1045 3753 ste
1054 3707 1110 3759 libri
1126 3729 1172 3763 ser.
1184 3720 1210 3763 et
1219 3716 1248 3763 ed

381 3772 426 3820 ‚pn
457 3764 542 3815 Primus
550 3764 669 3816 Manutius
683 3764 831 3823 econjeetum
844 3764 937 3813 Hotom.
948 3773 973 3812 et
982 3766 1083 3815 'turneb
1096 3772 1174 3823 edidit
1190 3788 1248 3841 aare}
