2700 4675
412 577 485 629 ACT.
502 579 532 629 ΙΙ.
548 580 646 632 utana
660 578 837 631 SECUNDUS.
971 582 1033 645 287

167 724 270 783 missos
293 723 442 794 iaciamus,
463 746 577 802 semper
605 729 648 786 ita
671 730 817 795 vivamus,
840 733 872 785 nt
895 726 1037 786 rationem

167 824 346 881 reddendam
360 824 443 881 nobis
466 827 644 884 arbitremur.
690 826 825 884 Africani
845 832 888 883 est
909 828 975 892 hoo,
989 828 1038 883 ho·

168 920 257 978 minis
282 921 491 980 liberalissimi:
514 921 535 955 ²⁹
544 920 758 1000 (verumtamen
772 941 808 981 ea
822 924 979 981 liberalitas
993 927 1047 981 est·

169 1021 328 1093 probanda,
343 1039 415 1096 quae
429 1021 492 1079 sine
506 1022 635 1096 periculo
649 1022 873 1081 existimationis
894 1028 947 1091 est,
961 1029 992 1080 ut
1006 1022 1038 1079 in

168 1116 221 1176 illo
234 1114 312 1196 t'uit)
353 1120 428 1177 (lum
449 1123 485 1178 ab
504 1139 540 1178 eo
553 1122 668 1196 quidam
687 1120 709 1153 ³⁰
719 1128 803 1179 vetus
816 1127 983 1184 assentator,
997 1139 1038 1180 ex

170 1233 291 1274 numero
304 1217 470 1287 amicorum,
484 1237 543 1277 non
556 1220 732 1293 impetraret,
746 1222 788 1278 uti
802 1239 834 1277 se
859 1221 1037 1293 praelectum

169 1313 200 1370 in
215 1314 346 1373 Africam
355 1318 483 1385 duceret,
497 1324 528 1376 et
541 1318 571 1375 id
579 1320 668 1380 semet
682 1321 822 1376 moleste:
842 1317 923 1386 Noli,
934 1318 1038 1392 inquit,

169 1408 280 1480 masi,
293 1413 320 1469 si
331 1420 362 1471 ta
372 1432 392 1471 a
403 1434 447 1471 me
459 1412 574 1473 Ιιοοποη
586 1415 727 1493 ὺηρείναε.
741 1417 864 1492 egojam
872 1414 982 1491 pridem
1001 1412 1038 1472 ab

169 1526 210 1577 eo,
222 1508 269 1567 nsi
281 1528 371 1584 nuans
383 1510 612 1570 admissariam
631 1530 729 1571 aarum
736 1513 805 1590 sore
819 1513 950 1581 orbabor,
964 1518 1038 1591 peto,

169 1609 1038 1691 :daummpraqseetasprofleisentnmtadlmeimpetmrenon

166 1723 289 1783 possam.
332 1710 451 1767 Etenim
464 1729 495 1767 re
509 1728 580 1768 vera
600 1714 693 1769 multo
707 1712 798 1787 magis
812 1718 857 1770 est
880 1713 1038 1785 petendum

171 1806 210 1862 ab
223 1806 395 1876 horninibus,
408 1808 434 1865 si
457 1811 533 1867 salvi
557 1815 586 1868 et
613 1812 729 1869 honesti
752 1829 816 1868 esse
840 1814 982 1878 volumus,
1005 1812 1038 1866 ut

171 1909 242 1960 eant
255 1906 404 1963 nobiseum
414 1906 446 1963 iu
461 1908 650 1979 provinciam,
664 1925 750 1982 quam
764 1910 820 1964 hoe
833 1908 892 1963 illis
906 1908 937 1964 in
952 1910 1038 1963 bene·

170 2001 232 2060 tieii
245 2004 313 2060 loeo
325 2003 521 2060 deserendum.
563 2004 623 2061 Sed
647 2010 688 2072 tn,
704 2021 770 2061 eum
792 2008 823 2060 et
843 2009 907 2060 tuos
928 2003 1038 2059 amieos

169 2098 203 2157 in
227 2099 419 2172 provinciam,
439 2102 520 2174 quasi
543 2101 575 2160 in
599 2104 745 2175 praedam,
758 2100 914 2169 invitabas,
927 2105 957 2158 et
971 2116 1038 2158 eum

171 2198 241 2265 illis,
255 2216 290 2255 ae
304 2217 355 2273 per
367 2216 417 2257 eos
432 2202 614 2273 praedabare,
627 2206 657 2259 et
670 2218 721 2258 eos
734 2200 765 2257 in
786 2200 929 2257 oonoione
948 2217 1038 2257 annu·

171 2296 209 2355 lis
233 2297 325 2356 aureis
345 2300 492 2370 donabam
513 2317 571 2358 non
585 2302 741 2367 statuebas,
755 2298 809 2357 tibi
822 2317 881 2357 non
894 2302 987 2357 solum
1000 2299 1037 2357 de

171 2399 211 2463 te,
231 2398 281 2453 sed
301 2396 390 2454 etiam
416 2400 454 2456 de
481 2397 594 2455 illorum
620 2397 706 2454 laetis
726 2397 869 2454 rationem
889 2415 953 2454 esse
976 2398 1038 2454 red·

170 2493 319 2551 dandam?

205 2587 225 2622 ³¹
237 2592 312 2649 Cum
326 2592 380 2649 lros
392 2590 449 2648 sibi
462 2594 594 2665 quaestus
605 2588 812 2663 constituisset,
823 2606 942 2664 magnos
953 2592 1038 2664 atque

169 2688 283 2756 uberes,
296 2706 335 2745 ex
349 2690 394 2747 his
407 2689 512 2757 causis,
523 2707 592 2762 quas
605 2689 667 2763 ipse
682 2688 847 2745 instituerat
859 2688 891 2745 in
905 2687 1039 2758 consilio,

171 2789 227 2845 hoo
242 2791 295 2855 est,
308 2804 375 2844 eum
388 2805 440 2844 sua
456 2788 584 2854 cohorte,
597 2802 792 2860 cognoscere:
813 2791 873 2843 tum
893 2786 1039 2845 inlinitum

125 2960 127 2964 Ι
170 2904 261 2961 genus
275 2887 432 2946 invenerat
444 2884 482 2944 ad
494 2883 734 2942 innumerabilem
755 2883 910 2957 pecuniam
923 2882 1039 2956 corripi·
1070 2895 1078 2905 ·

203 3042 226 3074 ²⁹
239 3049 390 3092 verumtamen
398 3071 408 3080 -
416 3042 504 3103 -jaitl
526 3040 577 3088 Hoc
594 3039 617 3087 in
627 3004 755 3102 parenthesi
765 3037 964 3100 estaeeipiendum,
972 3052 1040 3100 quan

172 3101 300 3208 mullum
307 3119 372 3210 :baua
380 3118 424 3151 noa
434 3100 595 3189 animaduersa,
603 3100 663 3147 male
672 3100 831 3161 interpretatus
841 3102 875 3144 est
885 3099 911 3145 P.
921 3098 1040 3147 Manutius

206 3237 228 3268 ³⁰
242 3239 522 3297 o.nssertotoretsnn.a.l
553 3237 771 3342 Cogulaabestedd.
780 3239 836 3283 vett.
869 3236 1038 3298 ltaquedelevi,

175 3294 200 3342 in
210 3309 255 3340 uno
263 3294 347 3340 Nannii
355 3295 403 3341 Ms.
415 3300 503 3356 reperta
511 3300 552 3342 ast.

175 3354 234 3400 rium
251 3355 285 3398 est
303 3356 328 3397 et
342 3366 356 3397 a
444 3360 500 3399 tore.
531 3354 591 3399 Nam
608 3360 753 3401 assectatores
772 3358 822 3400 sunt
836 3355 936 3401 homines
953 3358 1038 3408 tenuem

174 3412 213 3474 qui
223 3409 319 3470 aliquem
326 3410 369 3457 assi
384 3425 412 3458 ue
421 3410 560 3466 eomitantur,
570 3412 725 3473 utaliquando
733 3412 818 3482 aliquid
835 3412 944 3459 commodi
961 3408 1040 3468 accipi·

175 3474 222 3516 ant.
234 3483 255 3513 v.
267 3468 334 3514 Clau.
365 3469 415 3516 Nee
422 3467 528 3516 credibile
537 3469 648 3517 bominem
657 3475 704 3517 mm
713 3470 777 3519 nihilr
787 3472 810 3517 in
819 3485 911 3518 numero
920 3468 1039 3516 amicornm

174 3526 276 3577 Africani
284 3527 358 3574 luisse.

206 3606 226 3638 ³¹
242 3605 302 3651 Cum
315 3632 326 3641 -
339 3632 350 3641 -
364 3606 506 3654 emmaum
519 3631 530 3642 -
544 3632 555 3641 -
570 3609 619 3652 tum
633 3632 644 3642 -
656 3629 667 3638 -
680 3605 812 3666 inuenerat]
843 3606 916 3665 Hujus
924 3605 1008 3650 formae
1016 3604 1041 3648 et

176 3664 221 3713 alia
231 3667 282 3710 sunt
291 3665 399 3724 exempla,
416 3668 441 3711 ut
450 3679 517 3724 snpra
526 3679 545 3710 a.
557 3668 578 3712 2.
596 3678 651 3724 qnae
666 3681 718 3712 cnm
731 3681 803 3713 anan
818 3663 967 3712 mnndum
981 3663 1040 3715 Μὶν

175 3729 224 3771 tum
238 3748 249 3756 -
263 3750 272 3756 -
287 3723 436 3770 claudebam.
453 3723 480 3770 L.
493 3724 533 3780 ΙΙΙ,
543 3728 579 3771 54.
590 3723 659 3784 princ.
691 3725 742 3772 Hoc
751 3740 795 3772 non
806 3723 967 3772 animadverso,
978 3718 1042 3786 NRF·

174 3782 326 3888 ninsssntabat
335 3781 451 3852 legendum
465 3796 512 3828 esse
521 3796 535 3827 e
544 3782 592 3830 Ms.
602 3797 662 3852 Iano:
679 3799 734 3843 quaa
748 3785 795 3840 ipsa
809 3781 939 3828 instituerat
955 3790 1006 3823 cum
1013 3789 1041 3821 m

174 3850 224 3889 oens
244 3856 265 3889 w
275 3856 321 3901 suo,
334 3845 719 3904 quamquamquamquam:

599 3297 730 3343 edlortnsse
738 3300 810 3342 totum
824 3296 936 3341 hocsem
953 3311 973 3341 a.
989 3310 1039 3355 spn-
