2700 4675
387 487 448 578 128
760 505 888 560 ουτω

383 671 516 726 cccroos,
535 655 591 714 bae
610 652 789 723 conditione,
807 658 850 723 nt,
869 653 990 730 siquid
1009 654 1067 716 ille
1082 657 1248 734 exemit

384 755 503 823 Flavio,
528 759 639 829 partem
662 756 723 830 ejus
752 751 905 812 dimidiam
932 753 1056 814 Roscio
1089 757 1248 816 dissolveret

385 855 504 914 Satisne
525 853 582 912 ists
605 851 784 926 restipulatio
802 851 904 908 dicere
925 851 987 910 tibi
1016 853 1145 914 videtur
1166 858 1248 929 sperit

385 952 524 1012 Roscium
542 971 593 1027 pro
605 970 637 1010 se
651 946 815 1009 decidisse?
838 949 884 1008 At
895 949 983 1008 enim
996 952 1131 1012 forsitan
1145 954 1197 1012 boc
1211 948 1248 1009 riu'

385 1051 487 1109 veniat
506 1049 538 1107 in
557 1054 695 1117 mentem,
715 1046 911 1123 repromisisse
931 1047 1100 1110 Fannium
1117 1046 1248 1119 Rusoni

384 1146 486 1222 quida
499 1146 606 1205 Flavio
626 1146 781 1220 exegisset,
801 1144 862 1219 ejus
881 1149 1002 1219 partem
1022 1148 1198 1208 dimidiam:
1214 1145 1248 1206 sei

383 1243 505 1304 omnino
518 1246 650 1321 exegisse
664 1245 749 1303 nibil.
790 1240 892 1316 Quid?
910 1245 946 1300 tu
964 1261 1032 1303 non
1053 1249 1174 1307 exitum
1185 1259 1248 1305 exre

385 1344 484 1413 tionis,
497 1346 550 1403 sed
568 1344 685 1402 initium
697 1340 925 1416 repromissionis
940 1346 1089 1416 spectare
1104 1342 1248 1404 deberint

384 1463 450 1520 que,
463 1444 489 1503 si
499 1445 551 1502 ille
564 1443 696 1517 persequi
715 1440 816 1508 noluit,
829 1457 899 1508 non,
917 1441 1000 1515 qnod
1013 1440 1053 1500 in
1069 1462 1106 1502 se
1120 1443 1183 1513 luit,
1192 1440 1248 1517 judi

384 1542 475 1608 cauit,
498 1541 637 1598 Roscium
657 1556 733 1606 suas,
752 1556 812 1596 non
825 1537 977 1596 societatis
998 1538 1077 1599 lites
1091 1534 1248 1601 redemisse!

386 1638 465 1711 Quid
478 1639 503 1695 si
517 1640 635 1695 tandem
654 1641 772 1710 planum
789 1634 874 1704 facio,
893 1641 962 1709 post
974 1638 1171 1700 decisionem
1190 1643 1248 1696 veta

384 1754 446 1795 rem
472 1735 583 1803 Roscii,
615 1740 682 1810 post
707 1731 962 1809 repromissionem
995 1743 1161 1797 recentem
1192 1739 1248 1796 ism

384 1835 505 1903 Fannii,
525 1835 588 1894 tls
608 1850 729 1892 eccraoo
744 1832 922 1893 Fanniuma
940 1832 982 1906 Q.
997 1834 1128 1906 Flavio,
1142 1838 1248 1908 Psnmg

384 1935 503 1995 nomine
517 1931 692 1992 abstulisse?
712 1937 810 1990 buren
823 1929 931 1988 diutius
943 1930 1080 2008 illudere
1094 1936 1156 1996 viri
1167 1935 1248 2011 optim

384 2034 604 2101 existimationi,
619 2035 656 2104 Q.
671 2030 781 2099 Roscii,
794 2026 927 2087 audebit?

334 2121 374 2179 14
424 2132 527 2188 Paullo
541 2135 609 2187 ante
622 2130 803 2204 quaerebam,
813 2128 843 2185 id
856 2126 931 2201 quod
942 2128 1151 2194 vehementer
1160 2136 1197 2194 ad
1206 2147 1248 2192 ren

383 2225 555 2299 pertinebat,
573 2243 629 2300 qua
649 2227 687 2282 de
708 2242 796 2284 causa
818 2226 948 2293 Flavius,
970 2243 1044 2287 cum
1067 2234 1108 2291 de
1130 2238 1195 2292 tots
1211 2231 1248 2290 lib

384 2325 493 2383 iaceret
516 2324 690 2399 pactionem,
714 2343 808 2400 neque
832 2325 903 2384 satis
923 2325 1082 2400 acciperet
1106 2349 1127 2390 a
1148 2330 1248 2393 Roscio

383 2444 478 2502 neque
496 2425 611 2499 judicio
634 2425 862 2481 absolveretura
877 2425 1003 2483 Fannio.
1025 2444 1112 2488 nunc
1135 2449 1207 2490 vero
1218 2427 1248 2507 (il

383 2528 459 2600 quod
473 2526 575 2583 mirum
595 2529 625 2582 et
645 2523 816 2582 incredibile
837 2520 896 2600 est)
915 2523 1042 2599 requiro,
1064 2531 1248 2603 quemobrem

382 2639 450 2680 cum
463 2625 500 2678 de
519 2628 579 2679 tota
598 2641 629 2679 re
650 2622 807 2681 decidisset
826 2638 893 2680 curn
912 2621 1034 2692 Roscio,
1051 2624 1122 2686 H·S
1138 2642 1248 2687 cccroet

382 2719 537 2793 separatim
559 2720 675 2777 Fannio
698 2716 854 2778 dissolvit?
874 2721 939 2777 Hoc
961 2722 1042 2790 loco,
1067 2724 1248 2804 Saturiquii,

382 2836 465 2892 pares
479 2820 660 2891 respondere,
670 2819 745 2876 scire
753 2817 848 2892 cupio.
858 2824 951 2876 utrum
965 2821 1095 2881 omnino
1109 2826 1248 2887 sennim

381 2935 401 2975 a
415 2918 522 2979 Flavio
536 2919 599 2977 lis
611 2935 733 2976 coerano
744 2936 803 2974 nou
816 2917 966 2974 abstulisse
979 2914 991 2975 t
1004 2935 1053 2977 -an
1065 2923 1130 2982 alio
1141 2924 1248 2985 nomint

381 3021 413 3072 et
426 3017 484 3072 alia
496 3018 534 3073 de
554 3034 642 3073 causa
663 3012 837 3074 abstulisse?
859 3015 892 3073 Si
912 3015 1026 3073 eliade
1051 3037 1169 3083 causa:
1189 3038 1248 3101 (με

381 3111 456 3168 ratio
477 3112 531 3167 tibi
552 3129 619 3168 cum
640 3130 676 3170 eo
698 3111 921 3172 intercesserat?
940 3116 1030 3172 nulla.
1077 3117 1248 3183 ³³Addicto

381 3211 444 3263 erat
467 3205 544 3265 tibi?
574 3227 641 3266 non.
670 3211 772 3273 trustra
799 3218 911 3286 tempus
937 3219 1073 3275 contero.
1118 3221 1248 3285 omnino

380 3304 484 3380 inquit,
498 3305 561 3364 H·S
577 3325 698 3366 cccrooo
712 3327 729 3367 a
744 3312 851 3368 Flavio
872 3327 931 3369 non
944 3313 1077 3385 abstulit,
1091 3335 1193 3397 neque
1206 3320 1248 3379 re

380 3403 464 3479 nurgi
485 3403 613 3475 nomine,
634 3425 727 3482 neque
748 3411 923 3485 cujusquam.
966 3411 1001 3469 Si
1023 3415 1152 3486 planum
1175 3418 1248 3485 secia

380 3557 618 3631 nrrsesesquideeimam.
648 3559 694 3606 Cur
703 3565 778 3608 autem
792 3576 837 3634 narr
851 3562 966 3635 dimidium
976 3578 1033 3613 roso.
1045 3569 1102 3629 quia
1112 3575 1138 3619 et
1154 3571 1246 3621 min

379 3619 496 3724 gfflum
511 3618 569 3666 stare
587 3617 705 3667 debebat?
733 3621 828 3669 Numen
842 3624 966 3681 lruJusmodr
984 3625 1009 3672 in
1027 3626 1094 3678 libris
1111 3629 1192 3682 vit’nli
1206 3632 1248 3681 w?

409 3754 433 3790 Ἠ
446 3756 612 3805 iraeneo
621 3754 672 3818 rib]
687 3770 709 3804 v.
720 3757 785 3807 dier.
795 3758 937 3812 bremae.
