2700 4675
472 555 546 605 ΛΒΤ.
564 556 594 605 11.
614 556 722 607 LIBER
736 557 869 608 Parmos.
1048 564 1111 624 238

237 701 325 760 istum
346 705 444 759 tamen
468 705 568 762 omnia
591 709 772 779 gerebantur.
813 705 980 764 Consistam
1000 704 1032 785 in
1054 722 1112 762 uno

238 802 366 858 nomine.
387 805 477 859 multa
491 805 571 861 enim
584 811 650 862 sunt
664 824 703 862 ex
717 806 821 861 eodem
838 822 954 878 genere.
996 804 1110 861 Recita.

239 916 282 955 na
310 918 437 957 nrrrsus
456 920 641 959 snsrrusms
665 922 714 961 cn.
741 902 979 960 ”nonsaannsn
999 920 1046 957 aa.
1062 919 1111 958 rr:-

236 1015 351 1055 cnursa
365 1017 527 1058 annueres:
541 1018 626 1066 ouon
643 1019 662 1057 s
684 1019 825 1058 connum
839 1018 1017 1057 urnusnuu.
1061 1000 1109 1056 Te

235 1096 310 1153 baec
324 1096 467 1172 coligisse,
478 1104 507 1155 te
515 1099 692 1166 aestimasse,
702 1099 754 1156 tibi
765 1099 917 1172 pecuniam
928 1104 1110 1156 numeratam

235 1212 300 1251 esse
322 1195 408 1253 dieo:
441 1199 599 1272 eademque
624 1198 655 1254 vi
680 1203 711 1254 et
733 1197 849 1271 injuria,
873 1216 941 1255 cum
968 1195 1108 1270 pecunias

232 1293 373 1351 maximas
394 1312 521 1369 cogeres,
548 1314 599 1370 per
621 1314 723 1354 omnes
748 1303 843 1370 partes
867 1297 1037 1370 provinciae
1068 1303 1108 1367 te,

234 1396 379 1467 tamquam
388 1394 513 1469 aliquam
521 1396 722 1454 calamitosam
730 1400 932 1467 tempestatem
942 1403 1108 1472 pestemque

235 1492 396 1578 pervasisse
420 1495 594 1552 demonstro.
636 1495 738 1567 ltaque
764 1494 806 1550 Μ.
822 1494 955 1562 Scaurus,
977 1495 1025 1569 qui
1047 1497 1106 1554 Cu.

234 1590 422 1649 Dolabellam
431 1592 590 1660 accusavit,
597 1593 683 1650 istum
695 1592 725 1649 iu
736 1611 787 1649 sua
795 1598 938 1666 potestate
946 1611 981 1650 ac
992 1594 1105 1652 ditione

199 1763 204 1772 ἱ
233 1688 335 1745 tenuit.
375 1688 394 1720 ⁰¹
407 1691 502 1748 Homo
516 1692 687 1748 adolescens
701 1707 768 1749 cum
782 1691 865 1747 istius
879 1691 910 1747 in
932 1692 1107 1766 inquirendo

235 1787 326 1842 multa
338 1786 410 1844 furta
423 1806 459 1845 ac
473 1789 582 1862 flagitia
601 1775 799 1863 cognosceret,
812 1789 883 1848 lecit
897 1791 988 1861 perite
1002 1797 1031 1848 et
1046 1793 1105 1848 cal·

232 1884 315 1941 lide:
343 1888 478 1942 volumen
503 1887 564 1957 ejus
588 1905 683 1943 rerum
705 1893 850 1960 gestarum
871 1890 1030 1945 maximum
1052 1888 1105 1946 isti

231 1982 378 2038 ostendit:
399 1985 436 2038 ab
457 1983 585 2049 homine,
598 2001 671 2055 quae
686 1985 788 2050 voluit,
800 1984 832 2039 in
848 1985 1031 2041 Dolabellam
1052 1988 1102 2041 ab·

233 2079 330 2136 stulit:
351 2078 437 2135 istum
457 2084 561 2136 testem
580 2080 730 2152 produxit:
750 2080 826 2138 dixit
845 2081 910 2149 iste,
929 2100 1002 2155 quae
1024 2086 1103 2141 velle

231 2182 431 2235 accusatorem
451 2178 573 2251 pulavit.
616 2180 682 2251 Quo
705 2198 744 2236 ex
763 2198 870 2253 genere
890 2180 962 2237 mibi
976 2182 1102 2252 testium,

230 2275 280 2351 qui
294 2293 360 2332 cum
374 2275 430 2333 isto
443 2276 528 2334 furati
546 2283 622 2347 sunt,
640 2278 668 2335 'si
687 2278 730 2335 uti
745 2280 912 2347 voluissem,
925 2298 1031 2355 magna
1054 2299 1103 2340 co-

232 2375 281 2449 pia
304 2375 419 2433 luisset:
440 2376 489 2451 qui
512 2381 544 2437 ut
567 2395 598 2433 se
620 2378 749 2449 periculo
772 2378 875 2444 litium,
894 2380 1101 2450 conjunctione

233 2473 386 2531 criminum
397 2474 562 2540 liberarent,
573 2491 629 2547 quo
643 2492 698 2547 ego
713 2477 829 2539 vellem,
841 2476 1029 2531 descensuros
1044 2478 1102 2547 pol-

231 2571 404 2628 licebantur.
426 2572 534 2627 Eorum
545 2588 600 2643 ego
610 2574 790 2627 voluntatem
803 2570 931 2627 omnium
941 2571 1101 2644 repudiavi.

230 2670 302 2726 Non
315 2669 402 2723 modo
415 2667 562 2740 proditori,
581 2669 632 2723 sed
647 2686 684 2724 ne
698 2669 832 2741 perfugae
845 2669 960 2742 quidem
975 2673 1055 2728 locus
1069 2671 1101 2729 in

230 2765 305 2824 meis
319 2765 420 2821 castris
434 2764 566 2838 cuiquam
580 2765 642 2821 luit.
684 2766 818 2823 Forsitan
838 2768 971 2824 meliores
990 2768 1034 2825 illi
1053 2787 1101 2826 ac·

197 2889 201 2895 ·
229 2871 375 2922 cusatores
390 2863 517 2921 habendi
531 2869 607 2929 sunl,
621 2863 669 2936 qui
684 2863 757 2920 haec
771 2864 869 2920 omnia
880 2865 1026 2921 lecerunt:
1048 2868 1100 2923 sed

230 2982 286 3038 ego
313 2964 493 3021 defensorem
522 2961 553 3018 iu
576 2979 641 3018 mea
666 2979 797 3034 persona,
810 2979 869 3018 non
893 2968 1100 3031 accusatorem,

229 3062 356 3119 maxime
368 3062 479 3120 laudari
491 3064 567 3119 volo.
589 3061 728 3118 Rationes
739 3062 776 3117 ad
787 3061 936 3128 aerarium,
944 3069 1099 3138 antequam

229 3162 384 3218 Dolabella
394 3163 602 3218 condemnatus
613 3165 666 3227 est,
679 3177 737 3216 non
748 3162 834 3216 audet
846 3161 957 3217 referre.
964 3160 1099 3234 impetrat

228 3275 248 3313 a
261 3261 372 3339 senatu,
387 3263 419 3314 ut
432 3256 495 3314 dies
508 3259 563 3314 sibi
583 3266 788 3332 prorogaretur,
802 3260 878 3333 quod
900 3261 1010 3317 tabulas
1032 3278 1097 3318 suas

229 3356 268 3411 ab
279 3354 490 3411 accusatoribus
501 3357 671 3412 Dolabellae
682 3358 846 3430 obsignatas
858 3358 969 3415 diceret
980 3379 987 3413 ε
1006 3357 1029 3388 ⁹²
1037 3376 1097 3430 pm-

260 3506 283 3538 ⁰⁰
297 3505 377 3552 Dolab.
385 3505 438 3566 Pru]
470 3507 555 3553 addunt
564 3506 610 3562 alii,
620 3512 644 3553 et
653 3507 761 3555 Graevius
770 3509 800 3555 P.
811 3508 840 3556 12.
849 3510 880 3556 nil
888 3512 962 3557 reteri.

260 3585 279 3617 ⁰¹
294 3583 367 3629 Homo
376 3585 513 3644 salacea]
538 3584 591 3631 Non
605 3590 689 3631 temere
705 3586 794 3656 additur
807 3589 934 3646 adolescens,
950 3585 1097 3657 sedlaugendi

219 3642 612 3761 ffirresgaazgrzgngssgrctfflesrem,
622 3649 697 3690 temen
707 3645 807 3694 culhdrus
821 3653 845 3694 et
859 3648 950 3709 peritius
959 3647 1020 3702 tent,
1030 3659 1096 3704 quam

258 3781 281 3814 ⁹²
293 3779 388 3837 Vidn&
397 3779 468 3840 pari]
499 3793 550 3826 ⁰10¹
563 3784 597 3828 θθῐ
610 3781 703 3838 perinde
717 3783 785 3843 puri
802 3788 827 3832 et
840 3785 899 3831 torte
915 3782 975 3830 sich.
987 3781 1003 3827 1.
1014 3780 1096 3827 restim

228 3844 276 3887 est:
291 3837 786 3897 eblsdo,uilsatiscertiiulraetormaesse
815 3848 817 3853 '
