2700 4675
282 535 347 600 270
613 534 648 582 IN
663 531 809 582 VERREM

281 689 397 739 nostrae
410 682 559 740 conditum
574 686 746 755 putaremus.
773 679 899 751 Quando
908 676 963 734 illa
972 676 1152 739 frumentum,

281 784 357 857 quod
371 783 498 850 deberet,
521 799 580 839 non
599 782 636 838 ad
659 780 737 837 diem
761 775 866 835 dedit?
886 774 1060 851 quandoid,
1079 773 1151 849 quod

280 900 351 955 opus
365 901 429 939 esse
444 887 566 955 putaret,
583 899 641 939 non
657 884 732 939 ultro
745 877 878 953 pollicita
891 874 958 935 est?
979 877 1096 951 quando
1113 874 1149 940 id,

279 981 354 1054 quod
378 973 574 1053 imperaretur,
602 976 768 1037 recusavit?
794 979 897 1051 ltaque
923 975 976 1033 ille
1001 975 1043 1032 M.
1072 974 1149 1032 cato

280 1078 414 1150 Sapiens,
435 1080 540 1134 cellam
555 1078 704 1150 penuriam
723 1077 1044 1148 repulsionemque,
1062 1072 1148 1132 nutri·

276 1192 343 1232 cem
356 1176 449 1249 plebis
463 1176 622 1242 Romanae,
638 1174 771 1233 Siciliam
786 1173 960 1231 nominavit.
999 1174 1065 1231 Nos
1079 1188 1147 1230 vero

277 1273 392 1347 experti
412 1291 518 1341 sumus,
537 1274 643 1331 italico
661 1274 791 1330 maximo
812 1271 1038 1344 difficillimoque
1060 1273 1146 1337 bello,

275 1373 414 1431 Siciliam
435 1373 517 1429 nobis
532 1391 590 1429 non
604 1390 655 1446 pro
669 1372 787 1446 penuria
801 1373 887 1438 cella,
899 1371 949 1426 sed
966 1386 1017 1442 pro
1030 1369 1146 1426 serario

276 1472 329 1529 illo
349 1472 486 1545 majorum
507 1476 608 1528 vetere
629 1488 664 1529 ac
678 1471 781 1528 referto
798 1469 896 1527 luisse
918 1484 987 1527 uam
1005 1466 1071 1526 sine
1084 1469 1145 1528 ullo

275 1575 369 1625 sumtu
384 1575 492 1635 nostro,
503 1570 599 1637 coriis,
613 1569 730 1635 tunicis,
744 1569 942 1643 frumentoque
952 1567 1145 1640 suppeditato,

274 1667 417 1722 maximos
438 1667 583 1724 exercitus
603 1672 715 1724 nostros
740 1666 891 1735 ⁵vestivit‚
909 1666 991 1733 eluit,
1008 1664 1142 1724 armavit·

242 1764 353 1836 3Quid
370 1763 430 1832 ills,
444 1782 517 1839 quae
537 1765 654 1822 forsitan
670 1784 708 1822 ne
727 1766 866 1824 sentimus
880 1765 1007 1839 quidem,
1019 1764 1142 1837 judices,

272 1867 379 1937 quanta
393 1860 481 1921 sunt?
500 1866 576 1938 quod
596 1865 694 1921 multis
710 1864 946 1937 locupletioribus
959 1863 1076 1921 civibus
1089 1862 1141 1923 uti·

271 1979 344 2030 mur,
357 1964 433 2037 quod
444 1964 553 2020 habent
567 1963 765 2038 propinquam,
775 1963 899 2031 fidelem,
910 1963 1140 2035 fructuosamque

271 2061 463 2134 provinciam,
471 2080 527 2135 quo
535 2061 620 2118 lacile
629 2068 794 2130 excurrant,
802 2062 851 2119 ubi
860 2062 986 2120 libenter
994 2062 1138 2137 negotium

160 2166 162 2169 ‘
270 2164 390 2231 gerant:
405 2177 476 2231 quos
489 2160 540 2216 illa
556 2160 658 2231 partim
679 2160 820 2217 mercibus
834 2160 1055 2233 suppeditandis
1073 2174 1136 2217 cum

268 2263 388 2331 quaestu
406 2257 634 2333 compendioque
649 2260 779 2329 dimittit,
789 2260 894 2334 partim
904 2260 1023 2328 retinet,
1036 2264 1067 2317 ut
1078 2275 1135 2316 m·

270 2374 313 2424 re,
323 2361 356 2414 ut
365 2374 493 2431 pascere,
512 2363 544 2414 ut
555 2359 698 2432 negotiari
711 2359 810 2427 libeat,
824 2366 856 2418 ut
866 2360 994 2436 denique
1007 2362 1090 2419 wdes
1101 2374 1135 2417 uc

267 2456 448 2515 domicilium
461 2459 613 2514 collocare.
628 2461 704 2532 quod
718 2461 900 2517 commodum
916 2478 976 2518 non
992 2459 1132 2518 mediocre

266 2556 366 2628 populi
394 2557 519 2613 Romani
547 2562 608 2626 est3
645 2563 758 2614 tuntum
787 2557 918 2616 ⁸civium
943 2560 1132 2617 Romanorum

266 2670 426 2720 numerum,
446 2658 505 2710 tam
520 2673 607 2728 prope
622 2657 658 2712 ab
679 2657 773 2724 domo,
795 2669 856 2714 tam
869 2659 955 2715 bonis
976 2657 1131 2716 fructuosis·

266 2769 320 2824 que
335 2753 417 2807 rebus
431 2752 565 2810 detineri.
607 2755 645 2811 Et
659 2755 794 2829 quoniam
805 2756 886 2830 quasi
899 2759 1044 2831 quaedam
1057 2772 1130 2830 prae·

265 2851 314 2908 dia
328 2849 425 2924 populi
447 2849 571 2908 Romani
585 2858 661 2920 sunt,
681 2854 839 2928 vectigalia
860 2861 960 2913 nostra
973 2861 1059 2931 alque
1073 2871 1129 2928 pro·

264 2950 397 3006 vinciae:
422 2952 660 3023 quemadmodum
682 2953 846 3027 propinquis
861 2973 915 3011 vos
930 2956 1037 3014 vestris
1056 2971 1128 3028 prun

263 3046 319 3102 diis
333 3048 459 3103 maxime
470 3049 676 3120 delectamini3
690 3051 733 3107 sic
744 3054 849 3124 populo
863 3054 1128 3130 RomanoJucunds

261 3193 371 3263 Lqmbino
381 3195 432 3252 jam
442 3198 502 3243 cond.
535 3214 574 3245 nos
588 3208 674 3250 secutus
684 3209 718 3250 est
732 3204 848 3251 Grnevius.
879 3205 919 3252 stc
929 3205 982 3264 jum
993 3208 1129 3255 condilrusst

261 3256 329 3298 etiam
339 3252 430 3300 Muren.
442 3257 469 3301 24
534 3257 565 3302 ihi
572 3258 594 3304 id
603 3259 709 3320 languere
718 3264 741 3309 in
750 3263 852 3310 oratione
861 3268 910 3310 tam
919 3266 1028 3325 elegante
1036 3267 1125 3313 vinnm

290 3333 301 3364 ⁵
315 3331 407 3387 pertinit,
422 3333 487 3390 oluit,
497 3337 620 3444 consopit}³
642 3339 756 3388 Concinne
768 3343 811 3390 ista
825 3345 961 3404 respondent
976 3345 1125 3415 superinfudit..

259 3392 332 3448 coriis,
349 3392 570 3449 lucidiqsrumento.

259 3452 354 3497 refertur
362 3451 391 3496 nd
401 3451 468 3507 coria,
479 3467 522 3499 non
532 3460 585 3511 tam,
601 3457 651 3517 quia
665 3460 730 3504 coriis
744 3464 819 3506 terere
828 3462 936 3520 tentoria,
945 3463 1005 3511 etin
1014 3461 1126 3511 obsidffl·

258 3508 298 3581 bus
306 3525 386 3567 muros,
397 3512 500 3581 adversus
510 3512 553 3559 vim
567 3515 724 3574 maclianum,
735 3519 774 3565 sed
788 3519 864 3576 etiam,
875 3521 929 3582 quia
938 3521 962 3568 in
976 3524 1044 3571 seritis
1053 3526 1076 3568 et
1084 3521 1125 3579 dy·

257 3583 304 3629 pers
315 3574 387 3615 crates
397 3571 507 3617 inducitur
517 3572 577 3618 corio
586 3574 676 3621 bubulo.

286 3648 298 3679 θ
313 3649 397 3694 cimam
404 3649 501 3755 qu'il
511 3651 575 3698 Rom.
593 3653 692 3700 deletum
711 3658 744 3700 sst
755 3655 857 3705 alnrnb.
872 3663 897 3704 et
905 3659 1017 3718 limenio,
1028 3661 1079 3725 quin
1086 3671 1125 3707 nn

133 3766 177 3925 Ὗ
257 3713 614 3817 ttlttdldmli‘ff·
647 3713 679 3822 ¹5³*
694 3727 747 3761 Μ
760 3729 805 3762 '²⁰¹¹
819 3717 942 3768 im
956 3721 1041 3782 ‘m
1071 3716 1124 3771 ω

621 3404 675 3456 atet,
691 3417 765 3459 sagum
779 3416 827 3447 esse
840 3416 910 3460 genus
925 3406 1024 3452 armona
1039 3406 1128 3451 mu

159 3939 166 3971 l
