2700 4675
461 559 533 610 ror.
550 557 579 609 n.
596 552 695 608 unca
708 556 883 608 sncuunus.
1042 561 1107 621 339

234 709 366 786 optime,
378 707 482 783 lnquit.
502 724 608 782 nempe
631 706 770 781 scriptum
790 706 833 764 ita
853 709 908 773 est
920 709 991 780 quot
1004 721 1107 763 renun-

235 810 302 868 tiati
315 813 409 866 erunt
429 813 497 882 quot
508 824 578 880 crgo
586 803 707 884 (inquit)
717 811 785 863 sunt
793 803 970 863 renuntiati?
991 822 1108 878 respon·

236 924 310 973 sum,
335 914 402 963 tres.
444 905 591 979 Numquid
611 904 700 978 igitur
718 910 842 978 oportet,
863 904 921 961 nisi
938 909 995 961 tres
1016 908 1108 961 sortes

234 1004 365 1079 conjici3
384 1020 473 1060 unam
494 1000 599 1061 educi?
622 1003 706 1060 nihil.
748 1003 866 1077 Conjici
887 1003 972 1075 juhet
991 1007 1060 1068 tres,
1072 1002 1106 1059 iu

236 1104 340 1178 quihus
359 1102 492 1159 omnibns
512 1101 650 1174 seriptum
670 1106 749 1159 esset
769 1118 877 1158 nomen
903 1100 1107 1161 Theomnasti.

236 1200 289 1260 Fit
302 1203 413 1258 clamor
426 1199 579 1267 maximus,
589 1216 656 1257 cum
666 1199 697 1256 id
707 1199 853 1256 universis
860 1199 1013 1273 indignum
1023 1203 1109 1272 atque

237 1300 381 1358 ιοῐιήυιιι
395 1298 550 1355 videretur.
592 1299 639 1356 lta
651 1298 739 1356 lovis
752 1298 825 1355 illud
844 1297 1038 1355 sacerdotium
1050 1312 1110 1353 am-

236 1397 401 1473 plissimum
414 1415 466 1471 per
478 1398 555 1454 hanc
565 1397 709 1454 rationem
719 1395 922 1453 Theomnasto
931 1396 1023 1451 datur.
1054 1393 1110 1451 Ca·
1120 1393 1163 1457 52

237 1495 357 1571 phslcdl
371 1495 478 1553 mansis
488 1501 533 1552 est
546 1500 651 1562 certus,
661 1509 718 1568 quo
731 1510 832 1551 mense
841 1493 1022 1550 sacerdotem
1030 1508 1110 1551 max·

237 1592 328 1652 imum
341 1594 434 1652 creari
447 1597 588 1667 oporteat.
629 1592 701 1651 Erat
714 1591 777 1665 ojus
787 1592 905 1650 honoris
918 1591 1040 1664 cupidus
1055 1592 1110 1651 Ar·

237 1696 317 1750 temo
348 1692 474 1767 quidam,
506 1691 688 1750 Climachias
714 1692 899 1765 cognomine,
925 1693 1013 1749 homo
1038 1708 1110 1749 sane

237 1792 380 1864 locuples,
401 1795 433 1848 et
453 1791 533 1850 domi
554 1789 679 1849 nobilis:
707 1791 760 1848 sod
782 1791 807 1847 is
829 1790 893 1849 lieri
918 1792 999 1849 nullo
1024 1791 1110 1848 modo

237 1893 360 1965 poterat,
381 1888 407 1945 si
429 1889 593 1946 Herodotum
616 1889 733 1963 quidam
752 1889 877 1945 adeaaet.
905 1888 936 1945 al
956 1890 1036 1945 locus
1058 1889 1109 1945 ille

240 1991 328 2063 atque
341 1988 433 2045 honos
446 1987 479 2044 in
492 1987 575 2044 illum
587 2003 696 2044 annum
717 1985 761 2043 ita
782 1985 883 2043 deberi
903 1986 1064 2060 putabatur,
1077 1990 1110 2059 ut

242 2102 283 2143 ne
297 2084 477 2144 Climachias
498 2084 615 2159 quidem
627 2090 729 2143 contra
750 2084 872 2143 dicaret.
891 2100 938 2141 res
961 2085 1000 2140 ad
1022 2083 1110 2141 istum

238 2183 373 2252 defertur,
386 2188 417 2241 et
440 2183 523 2241 istius
539 2200 618 2240 more
638 2182 791 2241 deciditur.
831 2179 1020 2239 “mumulo
1039 2198 1110 2239 saue

241 2285 310 2342 oola
324 2298 359 2339 ac
373 2281 499 2355 prelioes
512 2279 686 2339 auferuntur.
728 2281 892 2338 Herodotus
906 2280 1109 2339 Romaeerat:

239 2379 311 2436 satie
325 2382 444 2451 nutabat
457 2396 489 2436 se
509 2380 548 2436 ad
560 2379 682 2437 comitia
695 2383 824 2452 munnere
838 2383 1002 2445 venturum,
1015 2379 1042 2436 si
1054 2379 1110 2451 pri-

242 2475 292 2533 die
305 2476 446 2532 acuisset.
486 2476 556 2542 late,
576 2492 615 2532 ne
635 2479 686 2532 aut
703 2474 763 2533 alio
784 2492 894 2542 mense,
914 2492 952 2532 ac
972 2474 1015 2532 las
1037 2480 1109 2545 erat,

145 2593 148 2598 ·
239 2571 362 2631 comitia
387 2572 571 2639 haberentur,
594 2576 644 2629 aut
668 2572 819 2630 Herodoto
844 2573 991 2645 praesenti
1017 2573 1109 2631 honos

242 2668 426 2735 sdimeretur,
447 2665 492 2745 (id
505 2670 582 2744 quod
600 2669 657 2727 iste
670 2687 731 2728 non
752 2671 910 2738 laborabat,
930 2671 1110 2730 Climachias

240 2767 362 2829 minime
376 2764 517 2845 volebat.)
528 2768 686 2842 excogitat,
699 2765 972 2846 (dixijamdudum
991 2787 1052 2827 non
1064 2773 1110 2828 eat

238 2867 329 2926 homo
341 2866 453 2925 acutior
471 2865 631 2941 qmsquam,
651 2883 709 2924 nee
722 2863 800 2944 fuit)
811 2867 970 2940 excogitat,
982 2867 1110 2942 inquom,

240 2965 480 3041 quemadmodum
488 2981 588 3022 mense
596 2964 649 3021 illo
659 2964 790 3038 legitimo
797 2963 919 3022 comitia
928 2965 1110 3035 haberentur,

239 3081 297 3124 nec
311 3069 410 3122 tamen
423 3063 587 3124 Herodotus
601 3063 703 3121 adesse
716 3068 823 3137 nosset.
863 3062 919 3122 Eat
931 3065 1111 3123 consuetudo
1230 3123 1236 3133 ,

241 3162 414 3228 Siculorum,
427 3168 645 3237 ceterorumque
659 3162 848 3229 Graecorum,
869 3162 945 3236 quod
966 3180 1033 3220 suos
1045 3162 1109 3221 dies

240 3256 410 3334 mensesque
431 3277 590 3333 congruere
610 3262 714 3320 volunt
731 3278 800 3320 cum
821 3261 1047 3338 solislunaeque
1067 3279 1109 3321 ra·

238 3356 329 3426 tione,
347 3362 383 3414 ut
409 3373 633 3431 nonnumquam,
656 3359 683 3415 si
706 3358 775 3433 quid
800 3359 954 3434 discrepet,
977 3361 1109 3418 eximant

238 3444 327 3513 nuum
341 3454 467 3529 aliquem
479 3454 567 3522 diem,
580 3459 631 3511 aut
641 3455 793 3523 summdm,
807 3457 925 3515 biduum
938 3475 979 3515 ex
991 3474 1106 3529 menser

238 3571 309 3629 quos
322 3554 367 3612 illi
382 3552 529 3623 effugerem
542 3553 605 3612 dies
618 3554 787 3613 nominant:
807 3556 879 3615 item
893 3573 1107 3631 nonnumquam

266 3679 658 3812 “maranen-carsendino
673 3710 725 3754 sala
790 3707 987 3756 terartidciumec
1011 3705 1104 3762 retium<

657 3779 718 3816 esses
791 3766 944 3818 :samarie
995 3768 1106 3818 medici-

238 3763 532 3874 mw‘
546 3763 627 3827 ἡ*
