2700 4675
270 514 313 578 ῃ
635 509 763 562 ORATIO

270 666 375 733 lerunt,
398 663 497 732 Enrci,
518 661 710 738 quoniamque
732 661 822 720 vider
847 677 946 720 versa
963 681 1034 722 eure
1052 658 1136 724 omitt

270 783 389 824 cuasam
408 784 459 840 pro
482 765 553 823 Sex.
569 765 686 829 Roscio,
700 763 726 820 si
740 779 800 820 non
823 765 1009 834 commode,
1027 769 1057 822 at
1072 762 1136 821 libet!

270 865 346 934 dici;
366 883 452 942 quem
472 865 541 922 stedi
563 867 692 939 putabas,
705 861 827 920 defendi
851 863 1034 940 iutelligir3
1060 861 1136 936 'quo
1179 909 1181 916 ,

270 964 423 1020 tradituros
447 966 591 1036 sperabas,
612 964 694 1021 vides
710 961 867 1036 judicare:
892 961 919 994 ⁴⁰
931 965 1058 1022 restitue
1076 956 1137 1020 uoffit

270 1061 426 1134 aliquando
440 1067 570 1118 veterem
584 1067 663 1119 tuam
677 1062 758 1119 iilam
771 1061 985 1122 calliditatem
999 1071 1084 1140 atque
1094 1073 1136 1134 pru

271 1158 416 1216 dentium:
436 1162 574 1218 confitere
588 1161 645 1218 huc
667 1178 702 1217 ea
725 1179 775 1234 spe
790 1161 932 1231 venisse,
948 1165 1031 1240 quod
1046 1165 1136 1236 putum

269 1257 318 1314 iric
330 1261 522 1328 latrocinium,
531 1280 589 1319 non
594 1260 738 1334 judicium
749 1259 887 1318 futurum.
938 1261 992 1320 De
1003 1255 1136 1336 parricida

270 1375 360 1416 causa
382 1361 503 1419 dicitur:
525 1362 597 1419 ratio
621 1363 658 1417 ab
680 1363 850 1416 accusatore
874 1361 1003 1420 reddita
1026 1379 1082 1420 non
1099 1357 1136 1420 td

270 1477 355 1531 quum
378 1463 415 1517 ob
437 1479 554 1518 causam
576 1466 685 1533 tratrem
705 1458 781 1515 fitius
804 1459 973 1517 occiderit.
1018 1455 1137 1534 Quodifl

270 1557 399 1612 minimis
419 1560 524 1625 noxiis,
546 1564 574 1614 et
598 1559 628 1615 in
652 1559 698 1614 his
723 1555 883 1615 levioribus
910 1561 1136 1634 peccatisque

270 1655 362 1725 magis
376 1656 475 1710 crebra
490 1660 520 1711 et
537 1657 601 1727 jam
616 1675 704 1730 prope
726 1655 898 1731 quotidiana
928 1663 1011 1726 sunt,
1027 1667 1137 1716 manns

269 1758 300 1807 et
327 1753 447 1825 primum
475 1753 628 1827 quaeritur,
655 1772 728 1830 quae
752 1771 841 1813 causa
868 1757 1023 1815 maleficii
1053 1753 1135 1814 suerit:

269 1850 298 1907 id
320 1852 442 1910 Erucius
468 1853 498 1909 in
518 1855 672 1928 parricidio
694 1853 792 1927 quaeri
814 1870 873 1910 non
896 1861 985 1928 putat
1010 1863 1136 1930 oportere

269 1952 305 2009 ln
328 1971 384 2027 quo
408 1954 526 2021 scelere,
547 1953 673 2026 judices,
696 1951 874 2010 etiamdum
898 1958 1018 2014 multae
1047 1969 1137 2015 causat

268 2054 443 2109 convenisse
457 2070 544 2109 riuum
559 2052 589 2108 in
605 2055 709 2118 locum,
731 2056 816 2125 atque
832 2051 914 2110 inter
929 2073 965 2112 se
988 2069 1137 2132 congruere

268 2148 421 2203 videntur:
455 2154 552 2204 tamen
579 2167 638 2205 non
666 2155 774 2206 temere
795 2150 937 2220 creditur,
963 2173 1065 2232 neque
1087 2149 1137 2214 ieri

267 2243 434 2314 conjectura
456 2262 501 2299 res
523 2246 665 2316 penditur,
689 2266 781 2322 neque
804 2249 886 2306 testis
911 2252 1053 2314 incertus
1074 2251 1139 2314 audi·

267 2345 321 2410 tur,
346 2362 438 2420 neque
461 2345 636 2402 accusatoris
659 2348 780 2422 ingenio
798 2367 842 2406 res
860 2349 1033 2422 judicatur.
1075 2357 1138 2417 (iun

266 2445 356 2501 multa
383 2452 471 2503 antea
504 2445 658 2503 commissa
686 2447 839 2515 maleficia,
864 2452 929 2509 tum
958 2452 1029 2512 vita
1059 2454 1137 2513 homi-

265 2543 312 2601 nis
337 2544 539 2616 perditissima,
563 2550 623 2603 tum
645 2545 797 2621 singularis
821 2548 950 2608 audacia
974 2556 1138 2613 ostendatur

266 2658 386 2697 necesse
401 2649 463 2698 est:
485 2661 579 2717 neque
598 2645 720 2702 audacia
732 2647 835 2713 solum,
848 2647 901 2703 sed
916 2666 1055 2712 summus
1073 2654 1137 2713 fusor

266 2742 350 2810 atque
365 2740 500 2797 amentia.
521 2742 594 2799 haec
608 2760 675 2801 cum
696 2744 755 2801 sint
767 2743 875 2813 omnia,
896 2749 1004 2809 tamen
1028 2752 1136 2811 exstant

264 2841 377 2910 oportet
397 2857 535 2914 expressa
558 2844 675 2900 sceleris
696 2844 830 2917 vestigia,
853 2844 914 2914 ubi,
936 2867 997 2924 qua
1021 2852 1133 2917 ratione.

264 2954 316 3008 per
328 2956 407 3011 quos,
420 2958 476 3013 quo
491 2945 618 3012 tempore
638 2942 813 3000 maleficium
826 2942 864 2999 sit
877 2945 1056 3010 admissum.
1070 2964 1132 3027 quse

264 3033 322 3089 nisi
332 3038 422 3091 mults
433 3042 462 3092 et
476 3036 629 3094 manifesta
640 3045 715 3109 sunt,
729 3042 857 3115 proiecto
867 3060 913 3099 res
929 3049 993 3105 tum
1005 3054 1133 3115 scelera,

264 3133 323 3184 tam
337 3139 429 3198 atrox,
450 3136 509 3188 tam
523 3133 631 3193 nefaria
650 3140 730 3196 credi
744 3158 803 3197 non
817 3145 922 3213 potest.
967 3144 1085 3223 Magna
1096 3148 1133 3205 est

263 3226 342 3283 enim
362 3228 407 3285 vis
421 3229 623 3291 humanitatis:
646 3240 767 3296 multum
788 3240 868 3295 valet
881 3246 1059 3305 communio
1078 3262 1132 3305 san·

293 3386 316 3420 ³⁹
330 3403 382 3447 quos
390 3391 560 3464 traditurum]
576 3393 591 3441 i.
602 3395 709 3444 Roscium
719 3398 760 3469 tibi
770 3399 887 3447 aclibidini
894 3405 956 3450 tarne.
989 3406 1132 3472 Reman

264 3449 421 3510 praecedentia
430 3465 494 3509 quem
503 3453 552 3498 deda
560 3469 583 3509 p.
595 3460 618 3501 ct
628 3465 753 3516 sequentia:
769 3460 826 3517 qtrod
831 3463 969 3516 murchin
984 3467 1133 3523 lamnia,

263 3522 309 3555 non
320 3507 437 3578 judicium
447 3512 566 3566 futurum.
599 3515 624 3560 in
641 3521 740 3562 extremo
755 3519 863 3575 intelligia
877 3525 902 3564 rt
917 3521 1010 3572 &decri
1028 3528 1134 3583 abe-at,

264 3582 330 3614 nemo
339 3568 488 3614 desideraret:
504 3584 555 3616 nana
564 3574 642 3618 sufficit
650 3575 744 3635 primuni
755 3577 814 3623 udo
820 3577 842 3622 in
853 3576 974 3641 principio.

293 3648 317 3718 ⁴⁰·
328 3647 419 3694 restitue
428 3647 489 3693 nodis
503 3675 513 3718 3
527 3675 536 3683 -
549 3676 560 3684 ·
574 3653 694 3714 consedere]
725 3655 812 3701 Haeret
826 3656 863 3702 hic
876 3657 1050 3724 Hotomnnnus,
1060 3672 1086 3715 et
1093 3678 1135 3713 ou*

262 3711 383 3777 rectionem
389 3710 479 3778 'tentam
494 3722 542 3753 arne
551 3723 633 3756 caussa.
663 3712 706 3759 Est
713 3714 793 3760 acerba
803 3714 873 3762 ironia
882 3716 1000 3771 irridenti.
1015 3724 1135 3785 houm

261 3779 301 3825 qur
310 3781 334 3815 se
344 3767 449 3814 callidum
457 3765 559 3829 putabat,
569 3783 618 3816 oum
628 3775 687 3819 esset
695 3772 840 3822 stultissimus.
