2700 4675
422 599 432 604 -
524 556 587 608 rno
602 557 627 605 r.
645 555 791 608 curuare.
1050 561 1097 619 23

225 701 393 770 timationis,
408 708 438 760 et
457 705 618 763 communis
640 702 827 761 humanitatis
849 717 953 759 causa:
972 704 1014 769 ut,
1027 718 1094 759 cum

221 798 277 871 ipsi
291 799 366 857 nihil
389 803 473 858 alteri
486 803 614 860 scientes
628 800 880 866 incommodarint,
899 798 919 829 ⁴³
931 798 1004 856 nihil
1019 799 1090 872 ipsis

209 893 285 970 'jure
299 897 476 956 incommodi
490 901 595 956 cadere
616 898 715 971 possit.
758 898 808 954 Ad
822 896 1020 955 vadimonium
1035 914 1095 954 uon

225 996 326 1053 venit:
347 995 433 1070 quis?
453 997 641 1071 Propinquus.
684 996 717 1054 Si
730 1015 776 1053 res
789 996 845 1053 ista
857 995 1029 1069 gravissima
1041 1011 1093 1052 sua

226 1098 330 1166 sponte
343 1095 499 1164 videretur,
514 1101 610 1153 tamen
632 1094 693 1169 ejus
714 1095 851 1153 atrocitas
872 1093 1095 1152 necessitudinis

228 1192 346 1249 nomine
360 1195 513 1251 levaretur.
556 1186 605 1251 Ad
617 1194 816 1251 vadimonium
828 1211 886 1251 non
897 1193 988 1250 venit.
1010 1188 1094 1267 quis?

180 1325 183 1330 ·
228 1291 340 1347 Socius.
362 1292 452 1349 etiam
472 1292 589 1367 gravius
614 1292 723 1366 aliquid
737 1293 765 1349 ei
779 1294 899 1349 deberes
912 1292 1093 1348 concedere:

225 1385 341 1467 quicum
354 1396 382 1448 te
393 1397 442 1448 aut
456 1394 590 1449 voluntas
604 1396 818 1464 congregasset,
832 1393 882 1447 aut
899 1390 1011 1446 fortuna
1027 1406 1095 1445 con·

217 1490 375 1563 junxisset.
419 1491 468 1547 Ad
484 1490 681 1547 vadimonium
695 1507 754 1545 non
775 1487 866 1545 venit.
888 1483 972 1559 quis?
993 1487 1032 1554 ls,
1046 1484 1095 1561 qui

224 1587 279 1644 tibi
293 1593 406 1661 praesto
420 1606 533 1661 semper
543 1588 605 1644 suit.
647 1588 725 1661 Ergo
739 1587 771 1643 in
784 1603 859 1653 eum,
873 1584 921 1659 qui
934 1587 1024 1641 semel
1038 1584 1094 1641 hoc

225 1685 380 1753 commisit,
394 1692 425 1743 ut
438 1687 491 1743 tibi
504 1692 618 1761 praesto
631 1704 691 1744 non
711 1691 797 1752 esset,
810 1683 909 1741 omnia
923 1685 983 1740 tela
996 1684 1095 1757 conje-

226 1783 304 1851 cisti,
328 1802 401 1858 quae
423 1790 522 1856 parata
546 1784 666 1842 suntin
694 1802 753 1851 eos,
775 1781 824 1857 qui
850 1784 992 1856 permulta
1018 1784 1094 1838 maie

228 1882 334 1955 agendi
347 1900 435 1939 causa
447 1884 651 1956 fraudandique
672 1878 824 1939 iecerunt?
847 1879 880 1959 Si
899 1878 919 1910 ⁴⁰
933 1879 1094 1952 dupondius

231 1981 296 2034 tuus
310 1985 450 2052 ageretur,
470 1981 541 2036 Sex.
563 1979 672 2044 Naevi,
685 1979 711 2034 si
730 1979 762 2034 in
776 1979 896 2050 parvula
908 1994 939 2032 re
953 1976 1096 2049 captionis

231 2074 341 2150 aliquid
354 2094 496 2143 vererere,
510 2093 569 2133 non
588 2074 686 2132 statim
707 2077 744 2131 od
759 2076 794 2132 C.
810 2072 982 2148 Aquillium,
996 2074 1096 2131 autad

230 2190 329 2231 eorum
343 2173 476 2249 aliquem,
497 2174 547 2248 qui
568 2175 763 2240 consuluntur,
787 2168 1001 2247 concurrisses?
1021 2171 1097 2230 Cum

218 2274 271 2349 jus
285 2272 443 2341 amicitiae,
457 2273 614 2342 societatis,
625 2272 773 2331 affinitatis
787 2276 935 2347 ageretur:
956 2288 1023 2328 cum
1036 2271 1096 2327 offi·
1113 2264 1115 2268 ’

227 2361 269 2430 cii
282 2373 424 2430 rationem
437 2378 521 2447 atque
532 2371 756 2430 existimationis
769 2371 838 2427 duci
848 2370 1039 2427 conveniret:
1060 2385 1097 2426 eo

228 2476 358 2543 tempore
373 2476 404 2526 tn
418 2488 477 2526 nou
490 2473 575 2527 modo
589 2471 626 2525 ad
641 2468 679 2543 O.
693 2467 864 2541 Aquillium,
878 2470 929 2521 aut
941 2466 977 2522 L.
991 2465 1098 2522 Lucul-

230 2573 299 2637 lum,
318 2569 339 2601 ω
349 2571 400 2626 sed
415 2587 452 2625 ne
466 2568 560 2640 ipsum
574 2567 690 2641 quidem
711 2567 749 2621 ad
763 2567 792 2620 te
812 2563 951 2620 retulisti:
972 2580 1010 2620 ne
1024 2564 1097 2621 haec

233 2667 351 2741 quidem
364 2671 462 2723 tecum
472 2667 583 2730 locutus
594 2661 646 2721 es?
666 2663 763 2720 Horae
773 2663 847 2718 duae
858 2661 987 2730 suerunt3
1009 2661 1099 2735 Quin·

232 2763 289 2821 tius
303 2765 339 2820 ad
354 2762 550 2821 vatiimouium
564 2779 623 2820 non
637 2761 729 2818 venit.
751 2761 819 2835 quid
833 2757 909 2834 ago?
940 2761 974 2817 Si
987 2761 1098 2818 meher-

232 2865 298 2920 cule
313 2863 386 2920 haec
401 2867 496 2919 tecum
510 2863 567 2918 duo
581 2863 670 2918 verba
684 2859 811 2926 fecisses,
823 2859 902 2932 Quid
915 2856 992 2933 ago?
1012 2860 1099 2933 respi-

230 2967 320 3019 rasset
333 2961 476 3034 cupiditas
490 2965 575 3034 etque
586 2958 711 3016 avaritia
724 2958 901 3030 paullulumz
922 2956 1031 3030 aliquid
1042 2959 1100 3016 toci

260 3115 282 3148 ⁴⁸
296 3115 355 3161 uitii
369 3115 422 3171 ipsis
432 3113 495 3172 jure,
506 3115 557 3176 ete]
591 3115 638 3162 Ma.
651 3114 731 3162 Dresd.
748 3112 775 3159 in
790 3126 819 3158 se.
835 3110 893 3173 quod
908 3111 984 3215 placet
993 3110 1098 3159 Graevio.

233 3174 291 3220 Saue
299 3174 353 3229 ipris
361 3175 436 3220 durius
446 3179 488 3228 est,
499 3189 547 3220 cmn
557 3174 677 3233 praecedat
692 3172 752 3220 must
768 3171 818 3229 ipsi.
849 3170 894 3216 Sed
915 3175 965 3215 crte
973 3170 1016 3227 ipsi
1025 3171 1100 3219 delen-

234 3232 293 3289 dum,
304 3233 363 3292 quod
373 3237 434 3278 certe
444 3247 488 3278 non
495 3231 640 3279 necessarium
651 3236 692 3277 est.

264 3308 286 3340 ⁴⁹
300 3309 425 3364 dupondius
435 3315 487 3356 tuus
500 3311 620 3370 ageraton]
651 3309 790 3366 Dupondius
802 3311 837 3354 est
853 3321 906 3352 vera
922 3306 990 3354 lectio
1004 3309 1054 3355 edd.
1065 3324 1098 3370 pr.

235 3365 345 3426 nisiquod
354 3369 389 3412 ed.
402 3368 437 3412 W.
449 3368 648 3425 habetgcreretur.
679 3369 752 3414 Aldus
769 3366 855 3413 induxit
870 3366 890 3412 εἰ
903 3367 930 3412 de
943 3368 1042 3423 postu
1056 3369 1101 3415 tuis

234 3428 345 3480 ageretur.
376 3425 429 3470 Post
438 3440 487 3470 cum
495 3425 593 3472 Graerio
603 3431 679 3473 secuto
688 3426 767 3472 Franc
779 3429 799 3470 l.
815 3424 869 3482 ejeci
879 3424 947 3470 verba
956 3430 1007 3485 post
1016 3425 1101 3472 Lamet-

236 3483 297 3528 lum:
319 3483 356 3526 scd
371 3497 399 3528 ne
413 3483 459 3538 ipse
472 3484 560 3542 widun
574 3488 595 3529 te
613 3484 749 3540 cernuluisti,
766 3483 789 3529 in
805 3483 882 3544 quibus
897 3487 932 3529 est
946 3482 1102 3545 interpretatio

235 3539 379 3600 sequentium.
413 3541 499 3587 Absunt
508 3548 532 3587 et
541 3543 576 3588 ed.
587 3543 649 3588 Juut.
826 3558 835 3579 r

265 3619 286 3651 ⁵⁰
301 3617 426 3673 saumque
464 3619 594 3665 ritemcdte.
631 3620 742 3669 Quorsum
751 3619 811 3676 ipse?
824 3617 1004 3674 Correxiipsum,
1014 3633 1048 3663 res
1064 3632 1102 3664 on-

235 3677 275 3722 det
286 3676 422 3736 Aquinium,
433 3633 566 3722 getulium.
627 3677 679 3723 inde
688 3693 716 3724 na
724 3679 755 3724 ud
763 3683 783 3723 u
791 3679 864 3734 ipsum
870 3678 959 3737 quirem
964 3692 1011 3723 osse
1020 3633 1100 3721 defiet:
1156 3689 1158 3692 ·

234 3736 294 3796 quod
310 3739 372 3780 certe
387 3740 421 3781 est
438 3735 569 3792 elegantius.
600 3735 651 3782 Huc
670 3737 749 3783 retulit
767 3736 854 3792 Cicero,
871 3751 900 3781 ne
916 3735 1103 3793 conjungeretur

236 3793 331 3852 puttam
363 3793 417 3841 Post
427 3795 512 3841 urunt
521 3808 542 3841 cs
552 3794 728 3854 interrogationis
737 3801 813 3844 notam
822 3793 939 3856 ροειιὶωιιι.
