2700 4675
564 635 742 689 orvruurro.
1037 640 1098 704 15³

226 803 288 844 uon
302 790 409 853 aetate,
422 787 474 843 sed
497 804 548 846 usu
571 787 679 845 lorensi
703 791 788 859 atque
807 784 1019 842 exercitatione
1032 785 1098 843 tiro·

227 901 306 941 nem.
348 884 476 952 Deinde,
488 888 521 941 ut
538 886 651 957 opinor,
673 885 760 940 habet
783 882 942 950 Allienum,
965 883 1044 940 hunc
1058 887 1099 940 ta·

228 998 328 1039 mena
350 982 516 1039 subselliis:
537 982 595 1055 qui,
617 981 686 1056 quid
709 980 879 1039 indicendo
892 985 997 1054 posset,
1018 998 1098 1037 num·

229 1096 316 1154 quarn
339 1080 409 1137 satis
434 1080 552 1138 attendi.
573 1081 604 1138 in
624 1082 777 1137 clamando
798 1080 913 1154 quidem
928 1080 1016 1137 rideo
1030 1098 1097 1138 eum

228 1194 294 1233 esse
307 1180 383 1235 bene
395 1180 539 1236 robustum
560 1183 646 1254 atque
665 1177 866 1236 exercitatum.
908 1180 944 1236 ln
958 1180 1014 1236 hoc
1029 1197 1095 1253 spen

229 1280 296 1333 tuae
310 1282 376 1334 sunt
392 1293 508 1334 omnes:
529 1276 587 1346 hie,
601 1276 671 1333 situ
686 1277 743 1333 eris
762 1281 844 1333 actor
856 1276 1038 1345 constitutus,
1054 1282 1096 1335 to-

227 1377 287 1431 tum
295 1373 436 1446 judicium
450 1375 611 1433 sustinebit.
651 1373 672 1406 ⁰⁴
685 1376 728 1433 At
741 1393 780 1431 ne
804 1375 830 1430 is
848 1374 964 1446 quidem
984 1379 1098 1431 tantum

226 1474 385 1530 contendet
405 1474 438 1531 in
461 1474 599 1541 dicendo,
613 1478 752 1548 quantum
766 1477 876 1545 potest:
900 1473 951 1529 sed
964 1476 1097 1530 consulet

221 1570 302 1629 laudi
310 1575 341 1628 et
349 1570 561 1629 existimationi
575 1576 641 1628 tuae
658 1591 664 1626 :
686 1576 769 1628 etex
780 1589 825 1639 eo,
837 1572 911 1645 quod
925 1570 987 1643 ipse
1001 1576 1097 1644 potest

221 1669 253 1726 in
272 1670 408 1738 dicendo,
422 1670 602 1746 aliquantum
621 1670 759 1738 remittet,
773 1676 806 1727 nt
819 1675 850 1727 tu
874 1675 972 1727 tamen
985 1670 1094 1743 aliquid

223 1786 287 1825 esse
302 1768 429 1825 videare.
470 1770 513 1826 Ut
527 1770 559 1827 in
573 1770 717 1827 actoribus
732 1769 855 1827 Graecis
869 1769 932 1826 lieri
946 1768 1094 1837 videmus3

224 1881 312 1937 saepe
322 1864 414 1934 illum,
425 1865 475 1939 qui
483 1870 527 1923 est
537 1870 727 1924 secundarum
738 1872 789 1923 aut
802 1867 949 1923 tertiarum
962 1864 1095 1938 partium,

223 1980 293 2019 eum
307 1964 396 2035 possit
409 1964 556 2037 aliquanto
570 1963 676 2019 elarius
697 1963 805 2030 dicere,
819 1979 904 2035 quam
917 1963 980 2035 ipse
993 1964 1097 2035 prims-

225 2076 299 2125 rum,
313 2061 434 2116 multum
447 2059 682 2127 summitterent
695 2059 746 2116 ille
760 2060 894 2131 princeps
907 2077 992 2133 quarn
1006 2060 1097 2118 maxi·

226 2174 275 2215 me
289 2159 432 2214 excellat:
457 2157 499 2215 sic
513 2155 603 2219 saciet
616 2157 770 2215 Allienus:
792 2158 845 2215 libi
858 2157 975 2227 serviet,
988 2157 1042 2215 tibi
1056 2161 1096 2216 le·¹

225 2254 426 2313 nocinabitur:
446 2255 541 2313 minus
565 2256 715 2330 aliquanto
742 2258 909 2325 contendet,
936 2274 1021 2331 quarn
1045 2275 1093 2329 po

223 2359 289 2413 test.
330 2356 349 2412 J
351 2373 399 2413 am
412 2356 468 2414 hoc
482 2355 676 2423 considerate,
689 2356 852 2428 cujusmodi
865 2362 1048 2413 accusatores
1061 2356 1094 2424 in

220 2459 303 2512 tanto
309 2454 424 2526 judicio
433 2453 522 2511 simus
536 2454 679 2510 habituri:
699 2470 768 2509 eum
785 2454 888 2524 etipse
904 2453 1040 2509 Allienus
1055 2470 1094 2508 ex

221 2569 258 2608 ea
271 2552 418 2618 facultate,
443 2551 468 2607 si
489 2567 574 2624 quam
595 2552 693 2617 habet,
714 2550 892 2622 aliquantum
916 2551 1094 2606 detracturus

222 2648 278 2705 sit:
300 2653 331 2705 et
355 2647 503 2706 Caecilius
526 2651 588 2704 tum
609 2646 734 2721 denique
757 2664 789 2702 se
812 2645 949 2720 ²3aliquid
970 2646 1094 2704 futurum

223 2750 316 2820 putet,
336 2745 362 2802 si
385 2745 520 2802 Allienus
534 2744 629 2802 minus
644 2745 804 2800 vehemens
818 2743 911 2811 fuerit,
930 2749 960 2801 et
973 2745 1029 2801 sibi
1039 2744 1094 2818 pri·

222 2860 284 2901 mas
306 2843 338 2900 in
361 2843 488 2900 dicendo
507 2847 602 2916 partes
620 2841 806 2899 concesserit.
849 2843 990 2912 Quartum
1009 2860 1094 2915 quem

223 2939 261 2996 sit
274 2940 431 3008 habiturus,
445 2957 504 2997 non
519 2939 616 3008 video,
630 2940 689 2997 nisi
707 2957 791 3014 quem
805 2939 877 2995 forte
891 2957 929 2994 ex
943 2939 994 2995 illo
1007 2958 1094 3014 grege

221 3036 431 3106 ²'moratorum
445 3038 493 3113 qui
512 3040 754 3112 subscriptionem
767 3037 824 3095 eibi
835 3039 1021 3111 postularunt,
1035 3038 1094 3096 cui·

222 3152 344 3208 cumque
368 3153 421 3192 vos
445 3137 621 3194 delationem
634 3137 797 3195 dedissetis.
838 3137 886 3196 Ex
899 3136 1010 3210 quibus,
1023 3137 1092 3196 alie·

222 3232 350 3289 nissimis
363 3233 535 3303 hominibus,
551 3236 593 3292 ita
615 3240 730 3307 paratus
751 3236 844 3303 venis,
865 3241 897 3292 ut
910 3235 963 3292 tibi
988 3236 1091 3309 hospes

253 3383 278 3416 ²⁴
292 3386 327 3430 Ac
336 3399 365 3454 ne
374 3386 395 3432 is
402 3387 508 3490 &aad
528 3386 693 3457 ,Hotoma‘nnus
700 3388 798 3434 malebat
808 3389 915 3492 Affluod
924 3389 1008 3436 Graev.
1019 3403 1033 3434 c
1043 3388 1090 3434 Mn.

225 3443 370 3550 Ξῖὲῗοερή.
474 3479 480 3491 .
511 3440 656 3492 Srcestetrn
670 3445 706 3491 ed.
718 3447 748 3492 R.
759 3445 838 3494 Br.M
869 3453 928 3494 .etc.
958 3452 994 3494 As
1012 3446 1092 3493 estab

219 3633 221 3637 ,
254 3582 284 3639 ²⁵,
292 3579 511 3640 aliouidfulurnm]
536 3581 596 3626 Edd.
607 3596 642 3641 pr.
651 3583 854 3639 omnesfocturum.
862 3584 1045 3640 Primisuturum
1054 3555 1090 3624 de

225 3641 281 3688 nere
299 3639 325 3686 P.
337 3638 454 3686 Manutius
468 3644 492 3684 et
508 3638 677 3686 Hotomannus:
693 3640 818 3688 Cratander
833 3646 908 3689 tamen
926 3642 994 3688 habet
1003 3640 1026 3682 in
1035 3651 1093 3682 mar-

223 3701 291 3761 gine:
308 3701 388 3761 estque
397 3703 420 3743 et
429 3697 453 3744 in
461 3697 509 3744 Μι.
520 3696 563 3744 Gu.

252 3779 276 3812 2⁶
290 3776 446 3838 maurum]
476 3776 513 3822 Sic
529 3775 586 3821 bene
602 3775 672 3829 edidit
690 3777 719 3823 de
728 3779 838 3825 sententia
857 3776 943 3836 cujacii
963 3770 1090 3824 lambiens.

224 3835 659 3944 supffltuoxffffibgtrmm
667 3835 735 3885 tectio
749 3838 809 3884 laete
823 3836 911 3883 ridetur
920 3848 934 3879 e
942 3829 1024 3878 vitius
1032 3829 1090 3886 Msl.

223 3911 282 3958 'ml’
