2700 4675
258 519 319 579 122
625 505 749 559 carulo

252 660 391 737 cuiusque
403 661 520 727 damno,
532 658 644 727 dolore,
667 652 862 721 incommodo,
885 651 1072 722 calamitate,
1089 650 1129 714 iu·

246 760 334 832 juria,
347 761 482 834 publicae
495 776 513 816 a
527 763 656 833 praetore
677 755 826 821 formulae,
849 751 889 810 ad
912 768 989 827 quas
1014 751 1126 825 privata

252 856 276 889 ὓ
284 858 320 915 lis
334 860 575 915 accommodetur.

222 983 243 1040 9
294 956 377 1027 Quae
391 973 458 1013 cum
478 956 521 1011 ita
546 953 615 1019 sint,
641 968 694 1009 cur
718 966 778 1008 non
805 947 948 1005 arbitrum
971 964 1027 1021 pro
1050 944 1126 1005 socio

253 1052 384 1125 adegeris
399 1054 436 1123 Q.
451 1051 598 1117 Roscium,
612 1064 727 1123 quaero.
760 1047 930 1105 Formulam
944 1063 1008 1103 non
1022 1039 1126 1103 norasi

254 1148 416 1207 Notissima
429 1154 502 1207 erat.
522 1149 540 1204 J
542 1147 641 1206 udicio
654 1145 738 1221 gravi
750 1143 878 1218 experiri
887 1141 1033 1202 nolebas?
1055 1141 1127 1214 Quid

253 1245 316 1306 ita?
335 1252 451 1322 propter
463 1245 687 1305 familiaritatem
700 1239 851 1301 veterem?
865 1258 918 1299 cur
931 1258 1005 1316 ergo
1017 1236 1125 1300 laedist

255 1348 377 1421 Propter
389 1346 585 1421 integritatem
598 1338 743 1401 hominis?
762 1356 815 1397 cur
836 1339 926 1413 igitur
948 1332 1124 1398 insimulat

256 1446 378 1519 Propter
387 1444 615 1518 magnitudinem
628 1437 779 1500 criminis?
792 1438 879 1496 Itane
892 1434 991 1496 vero?
1010 1436 1033 1469 ³
1043 1451 1124 1513 quem

255 1560 308 1617 per
320 1542 457 1599 arbitrum
471 1540 682 1599 circumvenire
696 1556 755 1595 non
768 1554 877 1611 posses,
889 1536 976 1610 cuijus
989 1537 1030 1594 de
1052 1554 1087 1593 ea
1098 1550 1126 1592 re

255 1638 402 1714 proprium
416 1644 479 1695 erat
496 1638 650 1711 judicium,
663 1638 742 1694 bunc
763 1652 815 1709 per
833 1633 970 1708 judicem
993 1636 1127 1694 condam·

257 1736 351 1805 nabis,
364 1737 447 1810 cujus
460 1737 497 1794 de
511 1752 546 1791 ea
559 1753 590 1791 re
603 1737 715 1792 nullum
736 1739 782 1791 est
801 1730 976 1791 arbitrium?
996 1733 1080 1807 Quin
1101 1737 1128 1790 tu

257 1835 314 1893 boc
327 1834 439 1893 crimen
459 1838 509 1892 aut
526 1832 631 1906 objice,
652 1832 702 1890 ubi
726 1831 798 1890 licet
820 1848 922 1905 agere:
956 1836 1009 1889 aut
1029 1830 1126 1906 jacere

257 1935 328 2003 noli,
341 1934 391 1992 ubi
405 1951 463 1991 non
490 1936 612 2007 oportet.
653 1929 788 1989 Tametsi
804 1928 869 2003 jam
895 1929 955 1987 boc
977 1934 1031 1988 tuo
1052 1928 1126 1988 testi·

258 2034 358 2092 monio
372 2033 483 2090 crimen
497 2033 639 2089 sublatum
663 2034 716 2087 est.
756 2028 845 2096 Nam,
867 2044 925 2102 quo
947 2031 981 2085 tu
1002 2034 1128 2103 tempora

258 2130 310 2195 illa
334 2131 454 2185 formula
474 2129 518 2185 uti
543 2128 670 2195 noluisti,
696 2126 770 2186 nihil
797 2126 875 2184 hunc
898 2126 933 2183 in
957 2127 1126 2186 societatem

257 2223 364 2281 fraudis
384 2224 487 2279 fecisse
511 2224 672 2280 ostendisti.
716 2224 803 2285 Fecit
829 2223 1011 2297 pactionem.
1053 2225 1127 2284 Num

257 2324 369 2381 tabulas
382 2322 480 2390 babet,
492 2339 530 2379 aa
544 2318 626 2380 nou?
647 2320 681 2379 Si
694 2340 754 2380 uon
777 2323 873 2391 habat,
886 2324 1126 2398 quemadmodum

257 2422 356 2498 pactio
372 2419 438 2482 est?
466 2423 492 2480 si
512 2423 609 2490 habet,
632 2440 685 2480 cur
705 2441 764 2481 non
787 2422 946 2484 nominas?
966 2426 1031 2485 Dic
1054 2441 1127 2485 nune

259 2523 400 2580 Roscium
414 2523 465 2579 abs
479 2527 508 2579 te
521 2521 638 2596 petisse,
652 2527 684 2579 ut
707 2522 879 2581 familiarem
896 2541 982 2582 suum
1005 2541 1128 2585 sumeres

260 2621 406 2676 arbitrum.
433 2638 493 2676 uon
518 2621 613 2693 petiit.
667 2620 728 2678 Dic
755 2620 921 2694 pactionem
958 2623 1078 2695 fecisse,
1100 2625 1130 2681 at

260 2718 468 2773 absolveretur.
487 2735 546 2774 non
559 2717 679 2792 pepigit.
720 2720 844 2789 Quaere,
857 2737 946 2794 quare
960 2720 1002 2780 sit
1023 2725 1129 2783 absolu·

262 2811 334 2872 tus?
367 2815 443 2889 quod
470 2820 532 2872 erat
557 2833 668 2873 summa
694 2816 864 2874 innocentia
889 2822 921 2875 et
952 2818 1129 2897 integritate.

267 2914 345 2985 Quid
358 2915 438 2972 enim
451 2914 559 2972 factum
573 2912 638 2972 est?
657 2913 765 2971 venisti
778 2917 894 2972 domum
913 2919 994 2975 ultro
1017 2918 1129 2979 Roscii:

262 3008 284 3040 ²
304 3013 487 3068 satisfecisti:
507 3014 583 3086 quod
597 3018 704 3070 temere
718 3014 922 3083 commisisses,
936 3015 970 3075 in
987 3018 1130 3093 judicium

290 3149 317 3193 '²⁰
331 3161 556 3224 rememoratur]
587 3164 726 3212 Hotomanus
733 3166 790 3213 beno
799 3166 890 3226 corrigit
898 3173 1085 3221 commandatur.

294 3238 320 3306 ξι,
331 3252 394 3306 pram
401 3240 568 3296 perarduum,
584 3244 637 3304 etc]
670 3245 742 3290 [rocus
757 3251 791 3290 est
805 3246 882 3306 paullo
896 3247 1018 3308 difficilior,
1035 3253 1087 3314 quia
1100 3264 1133 3298 α·

265 3301 365 3358 qursrtror
375 3301 408 3342 est
417 3297 516 3344 latinitas
523 3304 547 3344 et
555 3301 690 3348 conciunItas
698 3305 804 3362 quaesita.
835 3305 915 3350 Seruus
928 3312 977 3353 est:
994 3325 1048 3357 cum
1066 3311 1132 3357 mad

266 3369 341 3424 vemas
350 3355 455 3422 Roscium
467 3356 522 3403 nibil
539 3361 624 3404 efficere
639 3374 713 3420 posses
722 3362 831 3408 arbitnrm
840 3363 952 3420 adigendo
962 3381 1007 3426 pro
1021 3369 1089 3425 socio,
1097 3367 1131 3430 qui

267 3428 356 3476 proprie
367 3414 467 3459 adhiberi
477 3415 500 3460 in
511 3418 551 3462 hac
570 3433 635 3464 causa
644 3419 754 3466 debebat:
770 3422 799 3466 ad
814 3420 911 3477 judicem
926 3437 976 3471 ram
992 3426 1102 3484 detulisti,
1111 3429 1138 3478 ui

265 3490 307 3579 pgr
316 3487 367 3519 eum
373 3485 511 3542 consequere,
538 3477 581 3522 uod
591 3477 673 3536 velles3
690 3479 719 3523 ad
729 3494 793 3539 quem
803 3477 856 3525 talis
864 3494 931 3526 causa
940 3482 1026 3530 deferri
1042 3501 1087 3532 nou
1100 3485 1132 3531 de

289 3533 341 3579 ,bat
363 3531 498 3601 .V².fb¹!¹¹¹5
532 3535 572 3579 lcii
586 3535 817 3595 propriedeurbitrio
833 3538 990 3600 nondicitur;
1005 3545 1134 3593 aeduum

266 3594 461 3640 estconrururtntrs
471 3605 551 3636 causa:
567 3594 652 3639 arbiter
666 3620 675 3628 -
690 3620 699 3628 -
713 3621 723 3629 -
732 3596 849 3652 judicium
863 3622 873 3631 ·
887 3622 897 3630 ·
906 3597 984 3655 judan
998 3627 1010 3636 -
1025 3629 1035 3637 -
1050 3600 1133 3650 ultae

266 3665 314 3703 ura.
346 3650 404 3697 Edd.
415 3652 470 3693 vett.
481 3650 597 3704 preprium
607 3665 652 3696 aon
660 3653 834 3710 mutjodicium.
850 3655 946 3701 Dolevit
954 3673 1002 3706 nora
1012 3660 1131 3709 'Itur-nebus

267 3709 342 3812 1:03ss
347 3710 490 3813 corrup-Imitare
499 3706 618 3768 impropria
628 3710 716 3768 dieitur,
724 3727 765 3773 pro
772 3715 864 3769 efficere,
875 3717 901 3759 ut
910 3714 971 3762 alter
979 3733 1050 3767 carm
1064 3719 1132 3777 ahl.

284 3801 289 3812 .
329 3783 395 3813 'aru
422 3780 459 3812 .v.

295 3843 320 3876 ⁸¹
335 3845 456 3903 sudatoria&
469 3873 481 3885 .
495 3871 503 3880 ·
518 3844 620 3906 negasti]
653 3845 767 3895 Hteloras
778 3847 800 3896 ia
810 3848 872 3897 libris
881 3849 944 3898 varie
960 3858 1080 3917 corrupta
1096 3855 1134 3917 ast,

133 3924 159 4095 i
