2700 4675
309 535 374 597 274
645 528 681 577 ΙΝ
694 526 839 577 VERREM

309 697 384 754 quae
396 695 480 738 meac
493 678 561 736 fidei
573 678 745 738 commissae
758 679 834 739 sunt,
848 672 957 730 dicere.
980 668 1099 743 Recepi
1111 668 1188 727 enim

219 781 225 786 “
310 795 429 836 musam
443 778 573 835 Siciliae.
598 795 634 834 ea
652 793 700 835 me
718 777 756 832 ad
781 776 837 830 hcc
863 771 1017 845 negotium
1039 769 1192 843 provincia

310 877 440 934 attraxit.
482 876 546 949 Ego
560 880 658 933 tamen
672 877 728 931 hoc
747 890 836 930 onere
859 874 1006 942 suscepto,
1020 873 1052 926 et
1070 872 1189 939 recepta

310 989 400 1031 causa
414 973 573 1040 Siciliensi,
588 976 740 1046 amplexus
754 971 931 1030 animosum
955 968 1105 1043 aliquanto
1130 984 1190 1024 am·

310 1072 396 1145 plius.
439 1071 562 1143 Suscepi
586 1071 666 1128 enim
680 1087 797 1128 causam
818 1068 906 1125 totius
927 1066 1053 1135 ordinis;
1075 1064 1190 1138 succepi

310 1186 428 1227 causam
443 1168 541 1241 populi
556 1167 697 1226 Romani:
717 1166 815 1241 'quod
829 1168 966 1239 putabam
987 1170 1050 1222 tum
1063 1165 1187 1237 denique

310 1274 391 1325 recte
399 1267 526 1339 judicari
539 1284 633 1341 posse,
646 1267 672 1323 si
687 1283 745 1323 non
760 1266 846 1323 marla
860 1281 926 1321 reus
941 1263 1084 1335 improbus
1098 1263 1187 1318 addu-

313 1372 445 1435 ceretur;
465 1365 621 1423 sedetiam
633 1364 758 1439 diligens
774 1369 804 1421 et
818 1364 914 1421 firmus
927 1365 1075 1418 accusator
1088 1360 1126 1415 ad
1141 1359 1189 1431 ju-

316 1465 425 1522 dicium
441 1464 565 1524 veniret.
608 1465 674 1536 Quo
687 1462 760 1520 milri
774 1461 911 1520 maturius
924 1462 960 1517 ad
985 1457 1108 1517 Siciliae
1122 1476 1189 1516 cau-

312 1579 375 1618 cam
390 1563 566 1620 veniendum
580 1570 634 1630 est,
645 1562 755 1621 relictis
768 1561 874 1619 ceteris
887 1561 948 1633 eius
961 1560 1044 1617 furtis
1054 1577 1092 1616 ac
1112 1558 1189 1632 flagi-

311 1659 368 1726 tiis,
395 1664 426 1715 ut
453 1664 483 1715 et
511 1660 621 1717 viribus
647 1678 734 1734 quam
757 1659 950 1734 integerrimis
975 1676 1074 1733 agere,
1096 1664 1128 1716 et
1150 1658 1187 1715 ad

310 1755 466 1814 dicendum
477 1756 614 1829 temporis
627 1756 698 1814 satis
713 1759 820 1815 habere
835 1757 950 1831 pressim.
994 1757 1095 1831 Atque
1106 1759 1187 1822 adeo,

310 1860 467 1929 antequam
480 1858 517 1913 de
527 1855 721 1913 incommodis
732 1855 853 1913 Siciliae
862 1856 939 1923 dico,
946 1871 1041 1928 panca
1058 1856 1133 1912 mihi
1144 1854 1185 1912 vi·

310 1954 415 2011 dentur
422 1973 486 2012 esse
497 1956 533 2012 de
545 1954 715 2027 provinciae
726 1953 880 2027 dignitate,
886 1958 1042 2020 venustate,
1051 1953 1180 2011 utilitate

310 2052 446 2110 dicenda.
464 2054 614 2110 Namcnm
622 2052 751 2109 omnium
760 2051 904 2109 sociorum
913 2051 1183 2127 provinciarumque

310 2150 453 2206 rationem
477 2151 633 2223 diligenter
658 2152 766 2207 habere
793 2151 915 2218 debetis,
945 2156 1008 2210 tum
1030 2154 1182 2226 praecipue

312 2246 442 2312 Siciliae,
460 2247 586 2319 judices,
612 2248 742 2321 plurimis
760 2248 986 2324 justissimisque
1006 2252 1045 2308 de
1069 2251 1178 2309 camin

308 2346 441 2419 primum,
453 2348 528 2419 quod
541 2346 670 2404 omnium
685 2347 835 2406 nationum
857 2355 1022 2407 exterarum
1046 2352 1178 2425 princeps

312 2444 416 2502 Sicilia
429 2463 461 2501 se
475 2446 512 2502 ad
525 2445 685 2502 amicitiam
699 2447 841 2520 fidemque
866 2447 965 2520 populi
988 2449 1116 2507 Rarum
1134 2466 1179 2521 ap·

310 2544 415 2617 plicuit
424 2560 433 2601 r
453 2545 545 2617 prima
557 2545 695 2612 omnium,
709 2545 738 2601 id
753 2547 829 2619 quod
847 2552 1051 2605 cmamentum
1070 2545 1179 2622 imperii

310 2646 364 2706 est,
385 2641 537 2712 provincia
561 2650 604 2699 est
626 2644 789 2716 appellata:
820 2643 912 2716 prima
935 2646 1038 2703 docuit
1063 2647 1179 2721 majorca

311 2744 432 2806 nostros,
446 2757 531 2814 quam
546 2745 723 2815 praeclarum
736 2747 823 2809 esset,
841 2742 950 2800 exteris
974 2746 1112 2818 gentibus
1130 2744 1178 2802 irn-

311 2894 1179 3018 {reattractusnuncupantaalma*

312 3013 457 3058 consentiunt.
473 3013 593 3070 aliquunde
614 3013 759 3060 necessarium
775 3017 824 3059 est:
840 3012 914 3072 aliptae
929 3015 1000 3069 mdc,
1014 3016 1034 3062 si
1050 3025 1127 3063 verum
1142 3020 1180 3071 esi,

312 3066 589 3128 significat,sinonplene‚
608 3073 667 3130 quod
686 3073 784 3118 tieriucn
804 3075 885 3132 potest,
904 3075 940 3130 (ut
960 3075 1053 3134 mprai
1110 3073 1180 3132 lixit)

311 3126 387 3190 tamen
394 3126 568 3183 quodammodo5
583 3130 733 3188 mediocriter,
744 3136 768 3176 et
777 3145 820 3177 non
831 3130 893 3176 nimis
903 3130 1003 3179 breviter
1012 3150 1041 3180 ac
1057 3133 1180 3181 cetimum.

312 3178 356 3228 Qus
367 3195 447 3236 sensura,
470 3197 520 3227 uem
529 3184 577 3229 sine
586 3186 654 3231 dublo
664 3188 777 3236 Vrctorrus
786 3188 850 3244 vrdrt,
860 3203 910 3234 cum
923 3204 968 3236 non
977 3191 1130 3240 incommodus
1145 3194 1180 3238 ant

311 3237 396 3308 alienus
406 3239 442 3295 sit,
453 3197 529 3310 gelere
539 3243 594 3288 haec
603 3245 671 3289 verbu
685 3261 730 3293 non
747 3263 794 3294 sum
810 3262 887 3294 aruns:
904 3262 945 3294 nec
959 3249 1085 3298 n'militndc
1101 3249 1181 3306 illain

311 3297 385 3402 affluo
390 3299 459 3402 ruistis,
469 3301 597 3406 alagrmcda
609 3317 667 3364 quae
677 3307 804 3353 offendebat
813 3305 948 3364 Victon'um‚
954 3323 969 3354 a
975 3307 1092 3357 Ciceronis
1099 3323 1183 3358 cum*

352 3371 409 3402 rues
419 3373 499 3406 rennes

341 3438 353 3469 ²
367 3439 541 3497 mormulam,
550 3442 605 3502 etc]
637 3442 735 3489 Primum
745 3444 829 3502 legenti
839 3445 894 3490 haec
903 3444 958 3491 olim
968 3445 1034 3493 venit
1049 3447 1073 3495 in
1090 3452 1181 3496 mentm

310 3511 390 3556 pamm:
408 3499 466 3559 quod
476 3503 527 3558 post
541 3500 586 3545 vidi
597 3506 620 3546 et
629 3501 773 3548 Hotomanus
781 3502 895 3562 placuisse.
912 3504 1009 3551 refertur
1024 3507 1141 3554 munitm
1155 3505 1181 3552 all

311 3561 509 3612 sacramentalem
525 3571 604 3619 nempe
613 3574 642 3605 an
651 3559 673 3606 ei
679 3560 764 3617 judicia
778 3560 898 3607 adimenda
911 3561 957 3608 siut
966 3577 1008 3609 nec
1017 3580 1056 3621 ne,
1066 3571 1091 3612 et
1100 3566 1139 3612 ille
1147 3578 1182 3611 na

311 3628 340 3660 an
350 3614 465 3661 alienaeui
481 3630 495 3659 a
505 3615 563 3660 male
570 3620 622 3662 ante
629 3618 741 3675 judicarit.
775 3620 799 3665 ln
809 3619 900 3678 vulgata
909 3621 1008 3668 tertione
1015 3623 1109 3671 Hotcrn.
1125 3628 1183 3686 pula-

310 3671 455 3740 batflintelligi
464 3631 491 3718 Kc
500 3688 525 3741 sq
535 3688 627 3744 ωψςας
642 3677 702 3746 quod
709 3677 763 3723 mihi
781 3678 856 3724 duriru
869 3677 972 3726 videmur
989 3682 1122 3745 metimque,
1131 3682 1148 3729 ri
1157 3681 1186 3728 lu

310 3730 440 3776 aCrcerone
450 3735 489 3800 srtt
502 3733 633 3800 srmphcrler
646 3735 772 3796 calligas
778 3736 940 3796 deputabas:
957 3739 996 3803 qui
1013 3747 1079 3791 recte
1091 3741 1184 3805 infun
