2700 4675
242 579 283 636 ω
613 568 736 621 omno

240 719 295 777 tibi
308 720 508 779 vadimonium
522 735 581 777 non
594 716 784 776 desenrisset:
805 715 880 774 hese
894 718 1004 779 omnis
1017 721 1116 783 mitte:

239 818 309 875 iilud
322 818 400 887 (lico,
410 818 558 877 dominum
572 817 724 891 expulsum
738 814 852 873 essedo
865 816 1009 889 pmedio3
1028 819 1116 878 ‹iorni-

238 933 277 974 no
290 933 308 973 n
322 917 431 974 inmitis
453 935 505 973 sua
527 934 628 973 manus
643 918 747 974 allatas
762 930 825 971 esse
839 917 909 972 ente
933 930 1008 975 suos
1026 917 1117 977 unes

236 1014 401 1070 familiares.
420 1012 441 1044 ⁸⁰
452 1013 507 1070 hoc
521 1013 597 1069 dico.

315 1108 333 1145 s
432 1107 451 1145 n
551 1107 568 1143 rr
667 1107 688 1144 e
785 1109 804 1145 s
897 1107 917 1146 c
1014 1109 1037 1149 e

184 1218 223 1275 :28
314 1206 501 1268 *Naevium
514 1228 552 1268 ne
565 1211 726 1283 appellasse
740 1208 856 1283 quidem
868 1209 1113 1283 Quintiumcum
1192 1237 1195 1246 ·

235 1308 319 1366 simut
341 1315 427 1378 esset,
451 1308 577 1384 experiri
601 1313 697 1383 posset
719 1307 868 1383 quotidie:
902 1306 1014 1368 deinde
1036 1312 1111 1386 quod
1188 1329 1195 1338 ·

235 1408 334 1466 omnis
351 1409 465 1482 judicis
489 1408 670 1476 difficillima,
684 1426 751 1465 cum
773 1424 884 1463 summa
905 1423 959 1463 sua
984 1408 1108 1478 invidis,

235 1507 418 1581 maximoque
433 1508 561 1581 periculo
570 1507 603 1563 P.
617 1506 732 1579 Quintii
743 1505 922 1573 retinniat,
933 1524 1021 1579 quum
1037 1507 1108 1565 iilud

234 1604 431 1675 pecuniarium
450 1605 603 1675 judicium,
626 1606 702 1678 quod
715 1622 773 1661 uno
786 1605 834 1661 die
849 1604 971 1680 transigi
984 1611 1087 1678 posset
1101 1624 1107 1660 :

233 1717 271 1756 ex
285 1717 341 1773 quo
355 1719 413 1758 uno
422 1702 495 1757 haec
504 1700 678 1758 omninnata
693 1707 723 1758 et
737 1703 866 1775 protecta
878 1720 942 1759 esse
956 1704 1105 1762 concedit.

232 1815 288 1874 quo
302 1799 333 1855 in
355 1802 421 1855 loco
442 1799 639 1856 conditionem
654 1801 715 1867 tuti,
729 1801 754 1856 si
778 1802 869 1857 vellet
889 1802 1049 1874 pecuniam
1062 1819 1109 1875 pe·

232 1903 301 1967 tere,
317 1898 350 1954 P.
367 1897 518 1969 Quintium
535 1898 698 1972 judicatum
712 1898 789 1955 solvi
809 1890 1023 1967 satisdantem,
1037 1902 1106 1959 dum

231 1998 303 2070 ipse,
317 1998 420 2072 siquid
435 2003 555 2071 peteret,
566 1997 628 2070 pari
642 1997 811 2055 conditione
826 2001 961 2053 uteretur.

271 2096 404 2161 Ostendi,
431 2109 516 2169 quam
540 2097 630 2152 multa
644 2102 713 2154 onte
737 2096 800 2153 fieri
819 2097 1003 2165 convenerit,
1017 2117 1104 2173 quum

231 2191 356 2246 hominis
370 2190 521 2263 propinqui
531 2193 607 2246 bone
621 2193 760 2263 possideri
773 2197 1002 2265 postularentur:
1024 2215 1105 2270 pree·

229 2287 328 2345 sertim
341 2303 407 2345 cum
424 2287 535 2345 Rornae
549 2289 649 2346 domus
663 2290 734 2364 ejus,
754 2308 836 2360 uxor,
850 2293 935 2350 tiberi
947 2301 1059 2366 essent,
1073 2301 1103 2355 et

228 2392 393 2462 procurator
417 2406 507 2464 aeque
521 2389 666 2464 utriusque
681 2393 869 2448 necessarius.
911 2393 1020 2463 Docui‚
1035 2414 1104 2454 cum

227 2488 371 2547 desertum
386 2508 450 2548 esse
461 2490 540 2547 dicat
552 2489 760 2559 vadimonium,
771 2490 891 2548 omnino
899 2491 1103 2554 vadimonium

226 2590 336 2644 nullum
350 2588 455 2644 tuisse:
476 2606 532 2661 quo
545 2589 593 2644 die
604 2591 683 2651 hunc
701 2591 758 2647 sibi
772 2590 934 2662 promisisse
952 2590 1044 2659 dicat,
1067 2611 1103 2651 ec

227 2684 323 2740 dieue
340 2685 450 2741 Romae
464 2683 579 2756 quidem
594 2703 660 2742 eum
670 2687 768 2753 fuisse,
782 2687 813 2741 id
825 2688 944 2743 testibus
959 2704 1008 2744 me
1018 2691 1102 2763 poili·

225 2780 298 2837 citus
319 2798 382 2836 sum
395 2782 512 2852 pianum
525 2781 676 2845 facturum,
691 2781 739 2852 qui
753 2784 783 2834 et
804 2780 879 2834 seire
901 2784 1057 2857 deberent,
1069 2794 1100 2848 et

224 2895 350 2947 causam,
364 2896 415 2936 cur
435 2877 634 2941 mentirentur,
657 2865 718 2931 non
739 2875 887 2929 haberent.
929 2875 977 2929 Ex
999 2884 1100 2946 edicto

224 2982 320 3033 sutem
331 2994 390 3033 non
399 2976 524 3049 potuisse
535 2976 611 3029 bona
622 2970 770 3042 possideri,
782 2970 998 3036 demonstravi:
1021 2987 1100 3055 quod

223 3089 317 3144 neque
339 3071 488 3128 fraudandi
507 3085 594 3125 eausa
614 3067 765 3137 latitasset,
779 3087 873 3143 neque
895 3071 991 3128 exsilii
1007 3095 1099 3140 eausa

224 3172 315 3226 solum
328 3168 449 3225 vertisse
463 3167 615 3224 diceretur.
658 3167 813 3244 Reliquum
824 3174 877 3237 est,
891 3175 922 3227 ut
931 3189 996 3228 eum
1008 3193 1098 3236 nemo

217 3265 332 3340 judicio
345 3265 515 3322 detenderit.
536 3266 610 3338 quod
621 3270 722 3323 eontra
736 3269 934 3341 copiosissime
945 3270 1098 3334 defensum

225 3381 288 3422 esse
303 3363 450 3431 contendi,
465 3383 523 3422 non
535 3367 571 3421 eb
585 3365 703 3422 homine
717 3367 823 3434 alieno,
840 3385 933 3441 neque
947 3370 1098 3447 abaliquo

224 3462 431 3523 calumniatore
446 3468 530 3537 atque
555 3463 693 3537 improbo,
715 3466 766 3521 sed
790 3466 827 3520 ab
841 3466 936 3538 equite
950 3466 1096 3540 Romano,

224 3563 383 3640 propinquo
397 3565 427 3616 et
440 3563 603 3620 necessario
617 3581 678 3632 suo,
694 3582 779 3638 quem
795 3563 856 3636 ipse
873 3565 942 3619 Sex.
958 3564 1095 3626 Naevius

253 3720 275 3752 ⁸⁹
288 3720 327 3764 troc
336 3717 384 3763 dico
391 3742 419 3751 -·
430 3714 561 3776 Naevium]
592 3717 636 3772 Sic,
646 3719 685 3763 sed
692 3717 739 3763 sine
747 3718 840 3764 lacunae
849 3716 939 3771 indicio,
948 3715 1032 3762 hubent
1041 3719 1094 3767 edd.

224 3777 290 3824 Rom.
302 3777 339 3823 Br.
351 3773 511 3823 etindealise.
542 3775 586 3821 Sed
596 3776 631 3820 ed.
643 3775 679 3820 W.
689 3775 735 3821 sic:
751 3791 803 3822 cum
816 3777 854 3821 hoc
873 3774 939 3821 edicti
956 3775 1044 3823 nominc
1062 3791 1095 3824 rte

222 3837 346 3892 multasset
355 3832 582 3895 suessonensium.
614 3833 651 3880 Sic
660 3837 683 3879 et
698 3833 756 3880 Mss.
768 3833 848 3881 Fruuc.
859 3848 896 3896 sp.
907 3832 989 3879 Gmevr
