2700 4675
251 561 314 620 182
461 553 496 602 ΙΝ
510 554 539 608 Q.
555 553 736 604 cumulum
746 545 929 603 nlvmaulo.

249 703 406 759 habemus:
425 702 515 760 habet
524 702 779 771 existimationem,
789 704 882 759 multo
894 701 1013 772 sudore,
1026 703 1123 760 labore

250 800 417 875 vigiliisque
439 803 617 860 collectamt
645 805 687 871 ut,
703 801 728 858 oi
749 801 782 858 in
804 800 861 858 hac
879 817 972 858 cauea
997 810 1123 859 nostrum

250 900 379 956 officium
389 917 425 956 ac
438 900 621 973 diligentiam
629 899 852 975 probaverimus,
860 899 946 968 haec,
960 918 1037 975 quae
1050 899 1119 965 diui,

249 998 375 1054 retinere
399 1016 450 1069 per
468 1000 604 1069 populum
627 1000 791 1056 Romanum
805 997 967 1055 incolumia
982 1016 1018 1057 ac
1040 1001 1119 1055 calva

248 1096 409 1169 possimus:
429 1094 455 1151 ai
469 1097 611 1154 tantulum
636 1095 777 1152 offensum
791 1095 1005 1172 titubatumque
1017 1096 1074 1163 sita
1092 1102 1121 1154 ut

248 1212 293 1262 ea,
306 1212 380 1267 quae
394 1193 560 1268 singulatim
576 1212 611 1252 ac
626 1194 676 1251 diu
686 1196 812 1252 collecta
825 1198 975 1261 mutuno
996 1200 1120 1269 tempore

247 1292 384 1350 universa
399 1293 558 1366 perdamus.
599 1292 922 1365 Quaproptcnjudicea,
932 1297 1064 1352 veatmm
1075 1297 1116 1351 est

248 1393 387 1467 deligere,
408 1410 493 1466 quem
506 1391 679 1450 existimetis
694 1390 833 1448 facillime
847 1410 932 1464 posue
946 1393 1117 1468 magnitudi-

248 1508 316 1548 nem
326 1507 432 1547 causae
447 1507 481 1547 ac
497 1490 604 1562 judicii
617 1490 757 1548 sustinere
771 1490 837 1558 lide,
850 1490 1016 1565 diligentia,
1026 1492 1117 1550 conai-

247 1587 297 1650 lio,
311 1587 491 1645 auctoritate.
532 1587 596 1643 Vos
617 1589 642 1644 ei
665 1588 737 1645 mihi
766 1588 804 1660 Q.
820 1588 986 1648 Caecilium
1000 1596 1116 1666 antepo

248 1683 371 1750 meritis,
385 1701 440 1757 ego
459 1701 505 1740 me
520 1685 662 1758 dignitate
679 1692 843 1759 superatum
865 1706 925 1745 non
939 1688 1118 1748 arbitrabor:

249 1784 369 1856 populus
397 1782 544 1840 Romanus
572 1802 619 1852 ne,
644 1791 704 1841 tam
727 1787 888 1854 honestam,
901 1791 964 1844 tam
978 1807 1118 1858 caveram,

248 1880 476 1956 diligentemque
496 1882 712 1942 accusationem
736 1902 831 1960 neque
854 1886 940 1943 vobis
968 1888 1120 1961 placuisse,

188 2048 191 2054 ι
249 1996 344 2056 neque
357 1981 452 2042 ordini
466 1987 563 2042 vestro
574 1984 699 2058 placere,
712 1982 872 2056 arbitretur,
887 1985 1054 2059 pmvidete.
