2700 4675
416 648 419 651 Α
452 566 517 622 rao
530 572 560 626 a
576 572 693 624 cosmo
708 570 879 622 coucam.
1035 565 1097 638 123

225 717 259 773 ut
275 716 483 789 denuntiaretr
503 719 620 794 rogasti,
640 724 673 776 nt
692 718 875 791 ignosceret:
896 720 927 773 te
949 712 1100 771 allaturum

227 814 362 886 negasti:
381 816 494 873 debere
515 818 570 873 tihi
599 834 640 873 ex
662 815 802 871 societate
829 813 914 880 nihil,
934 811 1100 870 clamitanti.

221 912 319 985 judici
329 913 379 971 hic
393 914 596 971 denuntiavit:
617 915 764 971 absolutus
777 917 832 970 est.
863 912 981 970 Tamen
995 910 1101 968 fraudis

230 1027 268 1067 ao
281 1010 349 1068 lurti
372 1011 552 1070 mentionem
574 1011 670 1069 lacere
691 1008 803 1069 audes?
822 1011 936 1069 Perstat
960 1010 992 1067 in
1012 1009 1103 1082 impu·

230 1107 342 1165 dentia.
363 1108 529 1181 pactionem
542 1108 630 1178 enim,
643 1110 745 1185 lnquit,
756 1126 872 1168 mecum
896 1110 1014 1166 lecerat.
1056 1107 1103 1164 ld·

229 1204 311 1262 circo
326 1205 465 1265 videlicet
477 1225 515 1265 ne
529 1210 781 1266 condemnaretur.
822 1208 901 1281 Quid
910 1212 972 1264 erat
984 1221 1101 1277 causae,

231 1320 284 1360 cnr
296 1308 446 1373 metueret,
459 1322 497 1363 ne
510 1304 773 1365 condemnaretur?
786 1306 846 1364 Res
857 1311 919 1363 erat
931 1305 1101 1363 manifesta:

226 1401 335 1463 turum
346 1410 408 1463 erat
423 1411 563 1480 apertum.

268 1483 360 1578 Cujus
384 1504 427 1561 rei
449 1505 564 1604 lurtumx
578 1505 688 1562 laetum
711 1500 798 1562 erat?
824 1500 981 1561 Exorditur
998 1516 1105 1577 magna

227 1616 295 1658 cum
318 1601 543 1675 exspectatione
555 1603 667 1660 veteris
686 1602 833 1659 histrionis
847 1619 994 1675 exponere
1013 1600 1104 1658 socie·

229 1702 330 1757 tatem.
371 1700 530 1775 Panurgus,
550 1701 653 1776 inquit,
673 1701 729 1759 luit
748 1701 866 1759 Fannii.
883 1699 976 1757 isfuit
993 1698 1023 1756 ei
1035 1716 1102 1757 cum
1116 1688 1157 1750 10

232 1797 342 1855 Roscio
354 1800 524 1857 communis.
559 1799 619 1857 Hic
632 1801 756 1874 primum
768 1805 885 1874 questus
898 1805 1015 1856 estnon
1030 1797 1103 1856 levi·

233 1897 278 1951 ter
292 1894 433 1962 Saturius,
453 1912 637 1953 commanem
650 1897 760 1953 lectrum
773 1914 837 1953 esse
850 1896 938 1969 gratia
952 1912 1019 1952 cum
1032 1896 1105 1952 Ros·

232 1991 293 2059 cio,
312 1992 363 2065 qui
376 1993 469 2066 pretio
482 1994 612 2065 proprius
632 1994 734 2051 luisset
755 1994 873 2051 Fannii.
913 1994 1048 2067 Largitur
1061 1998 1106 2051 est

233 2087 350 2147 scilicet
367 2089 454 2146 horno
467 2090 604 2158 liberalis,
618 2094 649 2148 et
661 2090 824 2159 dissolutus,
837 2094 869 2148 et
881 2090 1011 2148 bonitate
1025 2093 1104 2149 adlu-

233 2203 287 2243 ens
312 2187 444 2245 Fannius
464 2186 595 2246 Roscio?
617 2189 671 2249 Sic
691 2194 769 2263 puto.
812 2188 957 2263 Quoniam
978 2190 1030 2248 ille
1051 2189 1102 2248 hic

230 2285 364 2346 constitit
383 2286 547 2362 paullisper,
567 2287 641 2347 mihi
651 2305 765 2369 quoque
778 2307 900 2348 necesse
913 2294 959 2348 eat
972 2292 1104 2364 paullum

231 2385 413 2442 commorari.
455 2385 620 2458 Panurgum
636 2390 679 2454 tu,
699 2387 807 2454 Saturi,
826 2387 973 2461 proprium
993 2387 1106 2446 Fannii

232 2481 308 2540 dicis
328 2482 426 2539 luisse.
470 2484 514 2539 At
534 2500 591 2555 ego
609 2486 702 2539 totum
718 2483 821 2541 Roscii
839 2483 928 2540 luisse
948 2484 1104 2542 contendo.

235 2579 317 2650 Quid
329 2577 482 2635 eratenim
495 2575 627 2637 Fannii?
640 2595 753 2652 corpus.
792 2580 872 2651 Quid
885 2560 1008 2654 Roscii?
1021 2581 1106 2639 disci·
1142 2636 1144 2641 ,

231 2674 328 2749 plina.
368 2673 476 2732 Facies
493 2693 554 2734 non
572 2680 651 2734 erat:
670 2693 715 2734 ars
732 2681 795 2735 erat
812 2677 947 2751 pretiosa.
986 2678 1106 2756 Exque

235 2776 318 2847 parte
337 2777 400 2830 erat
421 2773 539 2853 Fannii,
560 2792 620 2832 non
632 2781 699 2834 erat
717 2777 782 2835 H·S
796 2794 874 2835 roco.
893 2797 933 2838 ex
945 2798 1003 2855 qua
1021 2786 1104 2855 parte

233 2876 299 2929 erat
312 2871 423 2939 Roscii,
443 2871 566 2946 amplius
578 2877 643 2930 erat
662 2874 727 2932 H·S
743 2892 874 2932 occrooo.
915 2878 1012 2936 Nemo
1024 2879 1104 2940 enim

231 2970 316 3028 illum
340 2987 379 3028 ex
397 2975 502 3028 trunco
521 2970 648 3044 corporis
672 2974 834 3046 spectabat,
854 2974 907 3031 sed
923 2993 962 3034 ex
981 2976 1104 3036 artificio

231 3068 346 3127 comico
361 3068 542 3126 aeatimabat.
571 3070 652 3128 Nam
665 3069 718 3128 illa
736 3073 866 3131 membra
885 3090 996 3132 merere
1006 3093 1058 3150 per
1070 3091 1103 3134 se

232 3183 295 3226 non
320 3166 443 3240 amplius
469 3171 603 3240 poterant
629 3169 785 3228 duodecim
811 3170 908 3229 aeris:
936 3173 1104 3248 disciplina,

233 3279 308 3339 quae
321 3268 384 3321 erat
402 3264 510 3322 abhoc
530 3266 644 3336 tradita,
665 3270 783 3327 locabat
797 3286 831 3327 se
849 3288 910 3329 non
921 3272 1018 3331 minus
1036 3273 1102 3336 H·S

236 3415 342 3484 rmieque
351 3429 366 3460 a
374 3412 427 3519 νιῧι
435 3415 511 3520 dat-z
516 3416 573 3520 ⁰3¹³
587 3418 639 3466 ‘tor
660 3419 774 3490 ,Graevius
783 3422 828 3505 ³¹9}
838 3424 1042 3496 manniam
1054 3450 1064 3459 ·
1077 3451 1089 3460 -

233 3486 382 3584 fflffa’
391 3489 584 3599 pristmum:
600 3483 1103 3598 ,iffls'ffid‘ssiffl‘ffoit

232 3587 465 3702 {grillfgtffigtdggffi
471 3591 627 3707 animumne?
635 3594 797 3712 fficiam
808 3596 833 3643 id
841 3601 928 3669 estjam
938 3597 1101 3712 inmaidi.

233 3670 1001 3772 emmeramaodaaffuaomneaors‘cffissf‘russd
1015 3671 1102 3763 ωυέαἷὲ

230 3765 360 3836 solemnes,
368 3763 430 3871 m
439 3763 509 3834 ipsum
519 3764 955 3838 Rosciusinjudicioindiaaredebebat:
971 3769 1101 3833 mmidslt,

227 3832 259 3882 ut
270 3837 358 3890 opinor,
429 3836 541 3872 acrorem
550 3825 674 3885 padam
