2700 4675
549 589 770 650 PRAEFATIO.
1021 612 1089 655 xm

263 754 429 839 Sequitur,
444 759 490 829 ut,
511 752 589 836 quid
604 750 707 814 secuti
729 747 850 812 Aldum
864 746 1013 832 majorem
1028 748 1093 811 edi·'

223 849 307 905 tores
319 861 450 926 operum
460 838 677 900 universorum
688 834 863 919 profuerint
873 843 926 896 aut
941 834 1093 919 prodesse

223 927 379 990 volueriut
409 923 612 997 orationibus,
637 921 790 983 dicamus.
836 920 875 983 ln
897 941 959 1004 quo
984 939 1095 1005 possu-

222 1033 290 1075 mus
308 1031 380 1072 esse
396 1008 571 1083 breviores,
598 1027 670 1069 cum
686 1007 716 1068 in
731 1026 863 1091 operum
878 1006 1095 1069 universorum

226 1095 416 1158 editionibus
432 1089 646 1167 recensendis,
659 1113 740 1175 quae
752 1092 815 1176 huc
830 1092 997 1178 pertinent,
1010 1091 1097 1154 dicta

213 1181 298 1244 sint.
345 1181 456 1262 Itaque
472 1179 533 1240 hoc
556 1177 650 1241 modo
666 1178 836 1241 dicendum
853 1178 943 1245 nobis
958 1177 1095 1253 videtur,

224 1265 359 1351 primum
383 1266 414 1328 iu
439 1264 634 1339 Cratandri,
665 1272 698 1327 et
732 1271 805 1349 post
831 1276 902 1327 eum
929 1262 1097 1347 Hercaga’i

225 1351 374 1427 editione,
386 1372 405 1413 e
417 1350 582 1413 codicibus
592 1349 788 1412 Germanicis
801 1358 834 1412 et
847 1351 974 1414 lacunas
990 1350 1097 1433 plures

225 1439 369 1522 expletas
380 1457 452 1499 esse
463 1435 610 1499 orationis
622 1456 681 1520 pro
692 1434 814 1498 Flacco
824 1443 857 1497 et
868 1436 899 1498 in
915 1434 1097 1510 Vatinium,

227 1530 260 1586 et
274 1543 352 1585 vero
368 1523 461 1585 etiam
475 1522 555 1583 ‘loca
577 1521 731 1603 quaedam
755 1542 829 1583 esse
855 1522 936 1583 bene
954 1528 1100 1583 correcta

226 1628 285 1693 per
301 1607 406 1672 Micia.
424 1607 613 1682 Reatinum,
640 1607 694 1689 qui
720 1606 947 1670 Cratandrinae
968 1606 1098 1668 editioni

226 1693 379 1779 praefuit:
404 1714 484 1777 quae
500 1694 617 1778 pariter
632 1693 808 1776 eodemque
825 1692 917 1755 modo
929 1693 1012 1755 facta
1026 1699 1101 1755 sunt

229 1781 260 1843 iu
277 1780 490 1861 Hervagiana,
506 1786 570 1860 qua
583 1779 710 1840 lacunas
727 1781 866 1861 quidem,
882 1780 913 1841 iu
930 1778 1099 1853 Sestiana,

206 1876 310 1949 'quae
336 1866 379 1927 ibi
403 1884 503 1949 prope
528 1865 620 1927 tertia
645 1873 736 1949 parte
759 1865 891 1928 'auctior
924 1865 1008 1927 facta
1037 1870 1098 1925 est.

230 1949 430 2036 Observavi,¹
455 1951 625 2034 permultas
652 1951 746 2033 hujus
773 1950 919 2013 editionis
948 1950 1100 2011 lectiones

229 2055 301 2098 esse
316 2035 443 2096 easdem
457 2036 488 2096 in
504 2033 701 2109 Victoriana,
716 2036 830 2097 eodem
844 2042 986 2122 tempore
1006 2035 1101 2109 facta,

152 2199 155 2206 ἱ
230 2141 291 2184 nec
307 2120 401 2182 modo
416 2119 525 2194 bonas,
542 2120 600 2181 sed
616 2120 709 2182 etiam
731 2121 871 2197 vitiosas,
894 2129 930 2184 ut
943 2142 1003 2207 pro
1019 2120 1102 2183 Fon-

230 2208 288 2290 tej.
306 2206 338 2269 in
352 2205 542 2269 homiuibus
555 2227 613 2291 pro
628 2207 829 2283 acuminibus,
846 2228 876 2269 c.
893 2212 925 2269 4.
973 2207 1009 2269 In
1025 2206 1102 2269 Cra·

230 2292 374 2356 tandrina
388 2292 523 2378 primum
540 2292 644 2355 variae
671 2292 823 2356 lectiones
833 2299 857 2356 'e
874 2293 955 2357 Mss.
975 2300 1008 2356 et
1023 2291 1099 2355 edd.

230 2386 285 2441 aut
300 2378 492 2462 conjecturis
521 2379 660 2441 virorum
679 2379 849 2441 doctorum
875 2386 1002 2441 notatae
1018 2386 1101 2454 sunt,

232 2463 264 2526 in
286 2464 475 2544 marginibus
501 2464 570 2525 illae
598 2464 788 2547 dispositae:
823 2463 856 2524 id
891 2465 1027 2526 imitatus
1053 2470 1104 2525 est

233 2549 454 2629 Hervagiauae
482 2548 535 2628 qui
555 2548 702 2630 praefuit,
718 2547 776 2608 sed
791 2555 826 2608 ut
841 2549 881 2610 ad
897 2549 1017 2610 calcem
1032 2547 1103 2631 reji-

234 2638 323 2697 ceret
334 2653 440 2695 earum
452 2631 600 2707 libellum,
616 2653 726 2716 parum
742 2632 869 2715 quidem
884 2634 1047 2696 commode
1063 2633 1104 2696 ad

233 2718 427 2782 eruditorum
443 2717 600 2781 hominum
617 2738 703 2780 usus.

279 2804 312 2866 A
334 2803 495 2880 Victoria,
513 2805 566 2887 qui
579 2812 632 2867 est
646 2804 697 2866 his
714 2805 889 2890 proximus,
909 2806 1103 2869 orationibus

235 2911 296 2955 non
308 2890 438 2953 multum
452 2909 568 2974 operae
584 2897 731 2953 natatum
752 2899 813 2954 est
835 2914 905 2955 nam
920 2900 953 2954 et
963 2901 1106 2955 notarum

235 2997 336 3062 prope
359 2976 436 3039 nihil
451 2984 511 3051 est,
532 2976 619 3058 quod
643 2976 684 3038 ad
704 2995 757 3038 eas
773 2978 939 3062 pertineat,
959 2985 994 3040 et
1008 2978 1105 3058 magis

234 3062 371 3144 aliquem
406 3062 563 3124 interdum
586 3063 690 3124 locum
717 3062 857 3148 arripuit,
884 3085 979 3147 quem
1004 3065 1058 3126 vel
1087 3084 1106 3126 e

233 3146 321 3211 libris
337 3148 442 3223 editis,
468 3148 520 3210 vel
536 3168 593 3232 per
617 3148 832 3231 conjecturam
850 3157 988 3226 *sanaret
1014 3170 1108 3235 quam

235 3239 335 3295 totum
351 3254 468 3319 corpus
485 3233 627 3296 curavit:
652 3232 738 3317 quod
763 3234 882 3298 illinon
896 3237 998 3299 minus
1015 3255 1108 3318 quam

187 3359 190 3363 -
238 3318 379 3400 epistolis
391 3326 552 3404 praestare
562 3327 697 3404 poterat,
709 3322 894 3404 praesertim
909 3342 981 3385 cum
996 3322 1109 3385 iterum

238 3422 336 3486 opera
350 3405 498 3468 universa
522 3405 634 3468 ederet
659 3406 786 3486 triginta
808 3427 909 3493 prope
935 3408 1021 3472 anuis
1036 3414 1111 3493 post

237 3490 369 3574 primam
383 3490 564 3554 editionem.
609 3490 710 3554 Unde
741 3491 785 3569 fit,
812 3493 900 3556 utin
919 3493 1110 3558 orationibus

240 3573 369 3657 quidem
396 3575 560 3639 Ciceronis
590 3597 652 3639 non
677 3579 808 3641 multum
838 3579 913 3642 novi
938 3577 1111 3664 adjumenti

240 3659 344 3722 critici
360 3659 401 3722 sit
424 3660 463 3722 ab
487 3661 624 3724 editione
649 3661 845 3727 Victoriana.
892 3663 938 3728 Et
967 3664 1111 3746 quoniam

240 3744 322 3808 hanc
348 3742 518 3808 editionem
542 3748 701 3832 expressit
721 3748 808 3812 Rob.
833 3748 1039 3834 Stepbaan33
1073 3748 1112 3811 ab

238 3829 310 3916 ejus
336 3830 430 3894 etiam
450 3830 589 3897 editione
613 3833 691 3897 nibil
711 3835 785 3921 spei
812 3836 904 3902 datur
919 3835 1052 3913 Critico,
1066 3835 1112 3900 uti

279 3954 352 3997 rou.
373 3955 416 3996 rr.
644 3943 663 3968 ‘¹
