2700 4675
439 606 502 657 rso
516 609 585 659 sax.
601 608 717 659 noscrc
731 606 894 659 manino.
1039 611 1099 673 1⁰9

219 755 357 830 jndices:
378 755 455 815 inter
466 757 538 814 lema
547 757 638 814 satius
652 761 698 814 est
708 761 835 813 aetatem
844 757 959 831 degere,
974 754 1100 829 quamin

230 854 287 911 hac
302 858 384 911 tanta
410 854 591 925 immanitate
614 853 734 929 versari.
776 854 826 912 Ad
850 870 952 911 eamne
972 869 1035 911 rem
1049 869 1101 912 vos

233 952 377 1009 reservati
392 949 483 1010 estis?
502 953 540 1009 ad
553 969 657 1009 eamne
667 952 855 1021 rem'delecti,
866 957 896 1010 ut
904 970 953 1010 eos
965 953 1101 1011 condem·

230 1049 350 1119 naretis,
363 1068 434 1126 quos
448 1056 574 1109 sectores
588 1067 623 1110 ac
644 1051 742 1110 sicarii
756 1052 890 1127 jugulare
910 1069 971 1110 non
994 1051 1101 1127 potuis·

231 1147 324 1207 sent?
345 1151 447 1208 Solent
462 1151 516 1209 hoc
530 1152 599 1209 boni
613 1150 800 1227 imperatores
814 1152 918 1220 lacere,
931 1169 999 1210 cum
1018 1168 1100 1225 prae·

232 1248 304 1306 lium
328 1235 520 1318 committunt,
533 1250 609 1309 utin
631 1269 667 1307 eo
690 1253 766 1319 loco,
779 1268 836 1326 quc
850 1251 947 1326 lugam
971 1250 1099 1308 hostium

229 1347 290 1405 lore
309 1348 489 1418 arbitrentur,
502 1350 609 1407 milites
633 1352 799 1407 collocent:
820 1350 852 1406 in
865 1366 945 1423 quos,
958 1349 984 1405 si
997 1335 1046 1423 qui
1059 1365 1099 1406 ex

214 1439 292 1504 'acie
305 1446 439 1522 lugerint,
453 1450 490 1504 de
504 1448 664 1522 improviso
677 1447 819 1505 incidant.
860 1447 1006 1505 Nimirum
1022 1446 1099 1504 simi·

224 1544 294 1603 liter
307 1546 482 1615 arbitrantur
494 1546 543 1603 isti
558 1548 698 1603 bonorum
711 1551 864 1621 emptores,
877 1563 932 1603 vos
952 1546 1010 1615 hic,
1024 1548 1099 1603 talea

227 1636 316 1714 viros,
330 1648 441 1715 sedere,
454 1646 504 1721 qui
518 1646 672 1720 excipiatis
694 1664 753 1714 ecs,
766 1646 815 1721 qui
835 1646 873 1704 da
886 1646 945 1704 suis
965 1644 1098 1703 manibus

225 1744 389 1818 effugerint.
431 1744 485 1802 Dii
504 1746 685 1818 prohibeant,
702 1745 828 1819 judices,
855 1749 889 1802 ut
907 1746 973 1812 hoc,
992 1742 1098 1820 ⁰⁶quod

228 1841 352 1914 majores
370 1843 525 1909 consitium
538 1843 685 1915 publicum
698 1844 799 1901 vocari
813 1844 976 1910 voluerunt,
991 1842 1097 1915 praesi-

230 1937 311 1999 dium
325 1946 468 2017 sectorum
491 1940 680 1997 existimetur.
724 1942 774 1997 An
797 1958 877 2007 vero,
894 1940 1020 2012 judices,
1044 1956 1098 1996 vos

229 2027 290 2091 non
304 2034 477 2110 intelligitis,
491 2028 656 2094 nihilaliud
669 2036 727 2111 agi,
739 2036 799 2095 'nisi
821 2042 854 2094 ut
877 2021 1100 2110 proscriptorum

228 2132 315 2192 liberi
328 2133 429 2209 quavis
443 2134 555 2191 ratione
570 2136 715 2203 tollantur,
729 2141 759 2192 et
772 2134 833 2209 ejus
860 2134 903 2193 rei
928 2122 1045 2193 initium
1064 2134 1098 2194 in

227 2233 327 2291 vestro
346 2233 542 2308 jurejurando,
569 2240 654 2311 atqua
681 2234 713 2291 in
741 2235 812 2293 Sex.
838 2233 940 2293 Roscii
965 2234 1097 2308 periculo

226 2317 350 2409 ‹juacrii
369 2333 498 2391 Dubium
521 2339 574 2402 est,
584 2335 622 2392 ad
646 2352 732 2409 quem
746 2333 921 2392 maleficium
941 2333 1096 2408 pertineat,

225 2448 293 2488 cum
307 2432 432 2489 videatis
451 2430 472 2464 ⁹¹
484 2450 523 2488 eu
537 2435 628 2494 altera
649 2437 732 2505 parte
757 2438 911 2499 sectorem,
936 2432 1099 2500 inimicum,

229 2530 376 2597 sicarium,
389 2530 570 2601 eundemque
591 2534 792 2586 accusatorem
814 2516 871 2586 hoo
895 2533 1034 2602 tempore,
1060 2546 1100 2587 ex

234 2616 327 2682 altera
335 2622 421 2699 'parte
442 2631 587 2700 egentem,
610 2629 759 2700 probatum
783 2626 842 2684 suis
863 2627 963 2695 tilium,
984 2628 1015 2686 in
1042 2645 1101 2704 quo

231 2716 292 2780 non
306 2718 391 2781 modo
405 2715 491 2798 culpa
504 2725 593 2793 nulla,
615 2727 666 2782 sed
686 2744 724 2782 ne
738 2724 864 2799 suspicio
876 2724 991 2801 quidem
1004 2724 1100 2802 potuit

228 2816 389 2882 consistere
402 2820 413 2883 i
432 2821 453 2855 ⁰⁹
464 2824 494 2881 N
497 2823 613 2938 umpuid
627 2824 833 2882 aliud'videtis
852 2827 966 2884 obstare
979 2826 1099 2895 Roscio,

231 2921 290 2980 nisi
304 2923 378 2997 quod
389 2923 478 2998 patris
493 2924 568 2980 bona
579 2923 734 2981 venierunt
748 2920 761 2981 i
781 2923 867 2994 Quod
890 2922 915 2980 si
930 2923 960 2980 id
974 2923 1027 2981 vos
1041 2942 1099 2981 sus·
1109 2913 1153 2976 ⁵3

231 3020 338 3094 cipitis,
352 3027 381 3080 et
395 3023 498 3080 eadem
506 3020 543 3080 'in
565 3041 595 3080 re
616 3036 736 3096 operam
757 3025 885 3078 vestram
906 3020 1097 3095 profitemini:

229 3119 256 3176 si
269 3119 379 3177 idcirco
392 3121 510 3189 sedetis,
530 3125 561 3178 ut
585 3122 622 3178 ad
636 3139 689 3178 vos
703 3121 882 3178 adducantur
895 3138 992 3179 eorum
1005 3121 1099 3193 tiberi,

260 3289 284 3322 ⁹⁶
370 3292 463 3351 nmjores
480 3294 596 3341 eonsilium
613 3294 730 3350 pullicum
746 3281 818 3355 osc]
849 3293 970 3341 Consilium
986 3296 1098 3358 publicum

231 3347 288 3416 stips
313 3348 377 3395 icitur
387 3353 492 3398 Senatus:
508 3352 545 3397 hic
554 3353 582 3397 de
588 3353 673 3410 judicio
683 3353 733 3409 dici,
743 3357 822 3399 notent
838 3353 941 3400 studiosi:
958 3370 1009 3401 uam
1024 3355 1097 3417 reperi
1153 3367 1162 3386 ³

231 3408 282 3452 alus
292 3406 352 3464 locis,
362 3409 384 3453 in
394 3410 435 3455 trac
445 3410 597 3471 appellatione
607 3410 675 3456 etiam
683 3412 761 3458 doctos
769 3411 868 3458 homines
878 3412 979 3459 haesisse.

260 3483 283 3516 ⁹⁷
298 3487 489 3548 wulteranum]
521 3487 794 3543 amaladensium.
810 3489 847 3536 Br.
868 3489 934 3536 Med.
954 3491 1008 3538 nld.
1030 3491 1096 3537 Man.

232 3542 508 3649 ξεῇῧῖἴῆυρηεροείῖίοηε
517 3551 585 3592 caret.
603 3547 738 3594 recentiores
748 3548 831 3596 babent
839 3549 873 3606 in,
883 3550 942 3611 quod
958 3555 982 3594 et
991 3549 1100 3640 dimotus

263 3681 285 3712 ⁹³
300 3679 421 3739 Numquid
427 3680 464 3726 lic
470 3681 542 3739 aliud,
553 3683 606 3744 etc]
637 3681 685 3728 Hic
694 3682 750 3729 bene
759 3685 820 3732 delet
828 3685 876 3732 Ms.
886 3683 925 3733 Fr.
938 3689 961 3729 et
969 3639 1101 3742 fidelitas·

232 3739 537 3848 {rauggtzrrdmwidgemnleoaem
553 3741 649 3788 sioosid
666 3743 784 3802 occipitia
815 3740 1061 3805 Etismproecdema'n
1076 3754 1101 3787 re

276 3897 347 3936 vor..
369 3899 412 3937 ru.
661 3885 698 3938 12
