2700 4675
271 572 336 633 ³14
602 570 636 618 ΙΝ
650 568 795 619 VERREM

271 719 338 788 post
358 717 481 777 eandem
502 717 669 776 adversario
690 715 841 775 tradideris
866 716 973 790 majore
995 710 1138 788 pecuniat

271 821 422 891 utrumque
443 815 550 876 selles?
576 823 606 875 et
630 820 725 876 trades
748 817 798 874 oui
815 813 921 872 voles?
944 818 975 871 et
995 813 1033 880 ei,
1054 827 1140 886 quem

272 913 420 982 fefelleris,
434 934 472 973 ne
485 916 640 989 pecuniam
651 916 767 990 quidem
778 911 902 977 reddes?
916 914 1012 985 Quem
1024 909 1096 968 mihi
1111 914 1142 964 tu

271 1011 407 1080 Bulbum,
429 1031 526 1087 quem.
539 1011 713 1072 Stalenum?
734 1015 808 1088 quod
823 1027 956 1086 umquam
975 1005 1142 1082 hujusmodi

271 1118 437 1178 monstrum,
464 1117 514 1169 aut
539 1112 702 1186 prodigium
728 1110 901 1177 audivimus,
929 1106 1141 1183 autvidimus,

271 1205 351 1283 ''qui
363 1227 429 1267 cum
442 1227 492 1266 reo
505 1210 654 1283 transigat,
667 1214 733 1284 post
743 1226 809 1267 cum
820 1212 989 1266 accusatore
1003 1199 1145 1263 decidat?

272 1306 409 1365 honestos
424 1307 566 1376 homines,
579 1308 630 1382 qui
642 1325 760 1365 causam
771 1307 878 1374 norint,
897 1308 1022 1378 ableget,
1036 1320 1055 1360 a
1073 1318 1146 1359 con·

270 1405 395 1481 silioque
415 1403 566 1464 dimittati
589 1406 652 1479 ipse
665 1408 742 1462 solus
761 1423 840 1463 reum
856 1407 1062 1469 absolutum,a
1083 1415 1145 1473 quo

271 1505 427 1578 pecuniam
453 1504 610 1577 acceperit,
636 1505 820 1570 condemnet,
846 1501 1056 1574 pecuniamque
1083 1515 1146 1555 non

270 1600 397 1659 reddat?
419 1601 535 1659 8⁷Hunc
560 1601 709 1659 hominem
726 1600 860 1674 judicum
884 1615 1003 1657 numero
1027 1595 1146 1653 habebi·

271 1696 355 1756 mus?
376 1699 424 1755 hic
439 1702 560 1756 alteram
577 1699 725 1756 decuriam
738 1698 914 1756 senatoriam
924 1697 1020 1769 judex
1033 1695 1146 1753 obtine·

271 1794 337 1853 bist
360 1796 409 1854 hic
426 1798 465 1854 de
488 1797 585 1870 capite
606 1796 698 1863 libero
708 1793 878 1869 judicabit?
905 1793 975 1851 huic
993 1793 1146 1866 judicialis

273 1897 382 1952 tabella
395 1893 608 1953 committetur?
627 1912 714 1970 quam
728 1895 783 1951 iste
801 1893 821 1924 ⁸⁸
830 1912 890 1952 non
905 1894 991 1951 modo
1004 1910 1082 1960 cera,
1096 1910 1147 1948 ve·

218 1990 337 2057 &trum
362 1994 450 2051 etiam
472 1993 623 2067 sanguine,
644 1993 669 2050 si
692 1993 787 2050 visum
817 1992 881 2060 erit,
904 1990 1026 2049 notabit.
1067 1989 1148 2061 Quid

274 2092 354 2149 enim
374 2093 474 2149 horum
493 2111 525 2148 se
549 2099 637 2166 negat
656 2090 781 2149 secisse?
799 2091 872 2149 illud
888 2090 1029 2147 videlicet
1047 2105 1146 2154 unum,

274 2191 349 2264 quod
370 2207 491 2255 necesse
509 2195 563 2256 est,
582 2190 736 2261 pecuniam
757 2189 915 2262 accepisse.
959 2185 1069 2260 Quidni
1087 2185 1143 2243 iste

272 2284 382 2361 neget?
404 2288 446 2345 At
466 2305 554 2362 eques
577 2288 735 2355 Romanus,
760 2287 808 2361 qui
831 2288 985 2360 Sopatrum
1006 2284 1145 2352 defendit,

274 2386 325 2461 qui
337 2386 469 2443 omnibus
490 2387 554 2460 ejus
567 2386 699 2444 consiliis
719 2388 859 2459 rebusque
879 2386 1020 2453 interfuit,
1036 2386 1072 2457 Q.
1089 2383 1145 2440 Mi·

274 2484 378 2543 nucius
394 2485 505 2558 juratus
526 2485 600 2542 dicit
622 2484 778 2559 pecuniam
798 2485 915 2541 datam:
934 2484 1048 2556 juratus
1072 2481 1147 2540 dicit

277 2584 496 2641 Timarchidem
510 2584 628 2651 dixisse,
649 2583 788 2657 majorem
807 2585 844 2639 ab
858 2582 1075 2640 accusatoribus
1097 2599 1146 2653 pe·

275 2681 392 2738 cuniam
405 2682 476 2738 dari.
490 2682 591 2739 dicent
605 2684 660 2739 troc
676 2682 770 2739 Sicuti
788 2698 906 2737 omnes:
928 2683 1031 2739 dicent
1043 2696 1144 2738 omnes

276 2778 477 2836 Halicienses:
497 2781 576 2837 dicet
595 2781 685 2838 etiam
706 2784 903 2853 praetextatus
925 2778 1042 2852 Sopatri
1062 2778 1147 2843 tilius,

275 2877 325 2951 qui
339 2880 376 2935 ab
387 2879 442 2936 isto
456 2880 573 2938 homine
582 2879 791 2947 crudelissimo,
805 2883 885 2951 patre
894 2876 1147 2943 innocentissimo,

275 3028 375 3087 Nannii;
393 3032 461 3091 idque
470 3029 491 3077 ei
502 3031 611 3092 placebat.
643 3029 688 3079 Sed
700 3031 820 3095 sequentia,
835 3031 918 3090 umjore
929 3030 1025 3089 monnio
1035 3027 1150 3091 requirunt

276 3091 301 3136 st
319 3087 341 3131 in
357 3088 399 3132 illo
413 3091 464 3134 addi
475 3092 580 3149 pecuniae
590 3105 684 3137 nomen:
701 3092 831 3152 praesertim
846 3106 895 3137 cum
906 3096 929 3137 et
944 3090 1002 3137 alias
1016 3089 1047 3135 ob
1064 3103 1152 3135 caussas

279 3144 332 3188 fides
343 3145 431 3189 addicta
438 3160 485 3190 esse
495 3147 560 3191 alteri
570 3147 646 3205 possit.

280 3214 291 3289 “’
304 3220 326 3252 ⁸⁶
341 3220 380 3288 qui
390 3234 441 3265 eum
449 3236 486 3265 rso
495 3222 613 3281 transigat]
624 3221 664 3281 qut
672 3224 767 3270 refertur
776 3228 805 3272 ad
816 3223 917 3281 Bulbum,
932 3224 1056 3281 Stalenum,
1068 3226 1092 3271 in
1107 3237 1145 3330 qa

278 3278 455 3347 rntelhpendunr,
466 3291 631 3346 commonerem
639 3286 704 3337 poter,
716 3283 809 3331 undeet
824 3285 921 3347 pendent
929 3286 1047 3343 transigat,
1058 3285 1108 3331 deci
1145 3315 1151 3328 .

275 3333 334 3408 Mox
345 3336 454 3406 Graevrus
469 3337 531 3382 dedrt
541 3338 671 3397 meridieque
682 3340 728 3385 sine
743 3344 915 3404 praepositione,
931 3349 956 3389 ut
966 3349 1000 3389 est
1014 3344 1037 3389 in
1052 3343 1103 3389 edd.
1134 3356 1150 3387 r.

277 3400 301 3443 ct
311 3412 335 3442 rn
345 3395 403 3442 Mss.
411 3391 539 3499 qmbusdam
550 3402 662 3457 repertum
673 3404 714 3454 cst,
727 3405 751 3444 ut
761 3400 789 3445 sit
797 3417 839 3505 fro
850 3403 964 3457 coenolio,
973 3404 1031 3463 quod
1039 3418 1053 3447 u
1062 3357 1152 3448 cumdio

276 3465 318 3525 pro
329 3454 414 3526 'clemeri
423 3454 445 3499 io
460 3468 504 3500 non
514 3453 609 3502 dicatur.
627 3462 652 3503 at
667 3471 709 3516 ego
719 3472 796 3520 exemp
807 3475 843 3507 um
861 3462 925 3519 hrq'us
938 3462 1030 3517 formae,
1045 3461 1156 3507 dimittere

275 3515 373 3567 amaedeo,
384 3517 462 3559 secuto
471 3513 564 3559 allatum
575 3513 664 3564 vellem.

303 3592 326 3625 ⁸⁷
340 3591 374 3637 H.
385 3591 495 3638 hminem
506 3591 613 3651 judicum
622 3597 657 3656 rs]
689 3595 726 3643 Sic
742 3609 817 3643 omnes
833 3597 884 3644 edd.
905 3601 960 3644 vett.
992 3597 1029 3645 Ex
1045 3611 1091 3644 uno
1104 3595 1150 3643 Ma.

274 3647 383 3702 Gruterus
394 3651 480 3697 addrdrt
491 3653 525 3707 ia,
536 3651 596 3711 quod
605 3652 687 3702 delevi.

302 3727 383 3796 &aare
395 3728 457 3775 mdo
475 3747 532 3790 sou,
552 3731 604 3789 etc]
637 3732 683 3779 Res
698 3731 737 3778 icit
754 3732 782 3777 ad
798 3733 904 3789 judicium
920 3715 1050 3789 duniacum,
1068 3738 1092 3780 ct
1106 3743 1154 3792 per·

273 3782 361 3843 tirsum
371 3787 528 3855 Hortensium,
539 3793 565 3835 ut
575 3801 641 3848 saepe
651 3792 674 3839 iu
702 3791 719 3837 ἰ
729 3790 871 3839 orationibus.

1121 3239 1150 3271 uo
