2700 4675
250 511 316 575 284
589 501 783 557 mmm

251 652 357 715 moniis
390 652 427 712 (le
459 652 516 712 hac
543 652 650 713 Diouis
676 652 803 728 pecunia
832 647 1038 709 commatum
1070 652 1124 711 αἱ.

252 755 340 814 Dixit
354 755 411 813 hoc
420 754 499 812 idem
513 754 556 812 Μ.
570 755 718 821 Lucullus,
731 771 763 809 se
778 752 815 808 de
829 750 875 807 his
890 749 1002 807 Dionis
1015 749 1125 807 incom-

251 854 345 913 modis
360 872 410 926 pro
424 853 559 927 hospitio,
572 854 648 928 quod
672 851 730 909 sihi
742 867 809 908 cnm
819 866 856 906 eo
869 852 959 915 esset,
977 847 1042 921 Jsm
1055 852 1125 903 ante

251 968 402 1025 cognosse.
445 949 545 1023 Quid?
577 952 727 1018 Lucullus,
740 949 789 1025 qni
803 954 863 1005 tum
887 947 920 1004 in
946 946 1125 1004 Macedonis

251 1050 315 1117 luit,
337 1051 440 1107 melius
459 1051 532 1106 haec
554 1048 814 1122 cognovit,'quam
835 1051 876 1114 tu,
900 1045 1051 1112 Hortensi,
1074 1041 1123 1117 qni

252 1147 363 1207 Romae
377 1145 480 1205 luisti?
500 1148 536 1203 ad
550 1164 636 1221 quem
651 1147 712 1203 Dio
726 1141 881 1219 confugit?
901 1144 950 1219 qni
964 1145 1002 1200 sle
1017 1141 1124 1200 Dionis

252 1246 365 1321 injuriis
379 1244 549 1320 gravissime
563 1263 614 1318 per
622 1245 733 1302 litteras
747 1261 814 1301 cum
828 1242 924 1300 Verre
937 1246 1053 1317 questus
1067 1236 1125 1297 eal

254 1346 345 1405 Nova
357 1345 413 1403 tihi
423 1347 496 1402 haec
516 1349 591 1411 sunt,
606 1349 636 1402 et
647 1339 819 1417 inopinata?
840 1357 917 1399 nunc
930 1340 1052 1414 primum
1063 1342 1122 1395 hoc

254 1460 338 1501 aures
352 1449 419 1501 tuac
433 1443 543 1500 crimen
563 1439 734 1515 accipiunt?
753 1440 826 1498 nihil
851 1445 891 1497 ex
910 1437 1028 1530 'Dione
1047 1436 1124 1494 nihil

244 1538 293 1598 *ex
307 1557 389 1597 socru
404 1546 462 1606 tua,
476 1541 602 1597 foemina
616 1539 760 1613 primaria,
778 1537 914 1605 Servilia,
935 1543 1037 1593 vetere
1052 1535 1125 1593 Dio·

253 1638 300 1697 nis
314 1637 437 1708 hospita,
451 1635 579 1694 audisti?
598 1640 707 1695 Nonne
722 1640 811 1695 multa
825 1637 883 1694 mei
896 1641 996 1701 testes,
1008 1651 1083 1708 qnae
1093 1639 1125 1691 tu

254 1736 320 1801 scis,
337 1732 491 1792 nesciunt?
511 1751 608 1791 nonne
623 1741 652 1791 te
676 1736 749 1793 mihi
764 1742 869 1793 testem
881 1734 913 1792 in
927 1734 985 1791 hoc
999 1734 1124 1791 crimino

254 1834 360 1907 eripuit
372 1850 432 1891 non
454 1833 537 1890 istius
559 1833 739 1915 innocentia,
757 1832 839 1891 ”sed
860 1833 935 1907 legis
959 1827 1123 1905 exceptio?

224 1933 447 1992 9uusrrnonm
474 1950 672 2002 rr.uuounn1,
697 1950 822 2001 cunoni,
845 1950 963 1989 morus.
1005 1930 1125 1988 Satisne

254 2032 339 2089 vohis
353 2048 486 2105 magnam
496 2031 649 2104 pecuniam
662 2030 810 2089 Venerius
823 2032 920 2099 homo,
933 2030 984 2105 qui
996 2048 1015 2087 e
1026 2029 1123 2088 cheu

187 2164 188 2167 =
253 2129 338 2186 (lonis
353 2129 418 2185 sinn
431 2129 462 2185 in
476 2128 659 2201 provinciam
672 2129 816 2203 profectus
830 2135 916 2197 esset,
931 2128 1062 2187 Veneris
1074 2144 1121 2185 no·

253 2226 333 2284 mine
352 2224 371 2257 ²¹
386 2226 531 2300 quaesisse
546 2225 684 2285 videtur?
704 2228 844 2301 Accipite
858 2227 947 2285 aliam
967 2227 1000 2285 iu
1013 2227 1121 2285 minore

254 2324 378 2400 pecunia
392 2343 450 2382 non
465 2324 558 2382 minus
578 2325 778 2399 impudentem
796 2325 982 2385 calumniam.
1027 2325 1120 2399 Sosip-

254 2443 307 2500 pus
321 2430 351 2483 et
364 2425 516 2499 Epicrates
539 2425 641 2482 fratres
663 2432 731 2484 sunt
759 2427 970 2500 Agyrinenses.
1014 2427 1121 2483 Horum

254 2532 338 2600 pater
350 2526 457 2581 abhinc
477 2526 534 2581 duo
557 2528 587 2580 et
606 2543 647 2581 xx
662 2542 754 2582 annos
774 2530 819 2582 est
833 2530 969 2583 mortuns.
995 2524 1027 2583 in
1041 2524 1122 2598 cnjus

255 2629 437 2689 testamento,
452 2626 574 2698 quodam
593 2627 668 2693 loco,
692 2626 716 2682 si
739 2625 923 2683 commissum
943 2625 1015 2700 quid
1036 2629 1118 2693 esset,

255 2723 346 2781 multa
365 2726 427 2779 erat
439 2722 561 2779 Veneri.
589 2723 653 2794 ipso
676 2741 719 2780 xx
741 2741 827 2791 anno,
851 2740 919 2780 cum
940 2729 985 2781 tot
1011 2724 1120 2782 interes

254 2827 410 2896 praetores,
423 2828 466 2879 tot
478 2826 653 2897 quaestores,
666 2827 710 2878 tot
723 2822 947 2879 calumniatores
961 2822 994 2879 in
1009 2821 1119 2895 provin·

255 2921 301 2979 cia
315 2911 446 2988 fuissent,
457 2922 601 2978 hereditas
616 2922 652 2977 ab
665 2921 711 2978 his
723 2921 849 2978 Veneris
861 2920 981 2978 nomine
1001 2919 1024 2952 ²
1033 2922 1119 2995 petits

254 3024 309 3074 est.
350 3020 474 3075 cansam
485 3020 593 3076 Verres
607 3019 768 3095 cognoscit,
781 3020 937 3093 pecuniam
950 3038 1004 3094 per
1014 3021 1117 3079 Volca-

254 3113 326 3170 tium
339 3115 456 3186 accipit,
470 3115 530 3171 sere
544 3119 581 3174 sd
607 3120 671 3176 H·S
686 3137 758 3176 cccc
772 3117 874 3205 millia,
887 3121 926 3176 ab
938 3121 1051 3178 (luobus
1069 3119 1117 3178 fra·

283 3291 306 3325 ⁹⁰
320 3291 357 3362 sal
365 3292 532 3363 hgiscsceptr'a]
548 3308 627 3358 nempe
644 3299 795 3348 testimoniam
809 3299 938 3348 denunciari
957 3315 1005 3349 non
1019 3305 1118 3364 oportet

253 3355 355 3415 patmon
364 3367 391 3396 ae
401 3351 557 3401 defensor-rbus.

253 3429 539 3536 vigtuqruosrr'src‘trislaturl
568 3435 839 3500 Anudaospootmt
854 3435 991 3486 musmo
1002 3435 1119 3488 neaman

283 3569 308 3601 22
320 3569 386 3626 pes
396 3568 443 3629 ss]
460 3567 540 3616 neren
556 3585 600 3619 son
615 3588 664 3620 sum
675 3574 811 3623 omenes
826 3575 906 3622 amos
926 3578 951 3621 a
969 3575 1020 3624 ars
1038 3554 1117 3622 vaes

254 3624 334 3696 Voluit
343 3628 450 3676 Gruterus
461 3626 491 3672 sic
507 3628 581 3682 edere,
599 3633 636 3677 sed
655 3647 738 3694 operae
752 3649 797 3682 non
811 3647 914 3697 paruus,
924 3637 951 3682 ut
963 3638 1118 3697 palatews

254 3693 315 3744 tanus
324 3687 405 3736 lemma
414 3701 458 3734 nou
468 3685 535 3733 hahet
549 3689 696 3748 negationem.
